<html lang="en" class="desktop landscape js no-touch boxshadow cssgradients csstransforms csstransforms3d csstransitions svg"><!--<![endif]--><head>
  <title>Īpašie piedāvājumi | Maxima.lv</title>
  <meta name="description" content="Labas preces par labām cenām. Akcijas preces no “Maxima Latvija” plašā sortimenta, kā arī Paldies kartes īpašos piedāvājumus.">  <meta property="og:image" content="https://maxima.lv/images/front/maximalogo.png">
  <meta property="og:title" content="Īpašie piedāvājumi | Maxima.lv">
  <meta property="og:description" content="Labas preces par labām cenām. Akcijas preces no “Maxima Latvija” plašā sortimenta, kā arī Paldies kartes īpašos piedāvājumus.">



  <meta http-equiv="Content-Type" content="text/html; charset=UTF-8">
  <meta name="viewport" content="width=device-width, user-scalable=0, initial-scale=1, maximum-scale=1, minimum-scale=1,minimal-ui">
  <link media="all" type="text/css" rel="stylesheet" href="/css/front/main.css?1750245760">
  <link media="all" type="text/css" rel="stylesheet" href="/css/front/custom.css?1768923135">
  <link media="all" type="text/css" rel="stylesheet" href="/js/front/swiper-latest/swiper.min.css?1594189472">
  <link media="all" type="text/css" rel="stylesheet" href="/js/front/fancybox/jquery.fancybox.css?1441005499">
  <script type="text/javascript" charset="UTF-8" async="" src="https://consent.cookiebot.com/05d2406b-50ec-4387-8304-28bfeca5c82c/cc.js?renew=false&amp;referer=www.maxima.lv&amp;dnt=false&amp;init=false"></script><script type="text/javascript" charset="UTF-8" src="https://consentcdn.cookiebot.com/consentconfig/05d2406b-50ec-4387-8304-28bfeca5c82c/maxima.lv/configuration.js"></script><script src="/js/front/device/device.min.js?1441005499" type="text/javascript"></script>
  <script src="/js/front/functions/modernizr.custom.js?1441005512" type="text/javascript"></script>
  <!--[if lt IE 9]><script src="/js/front/jquery/jquery-1.11.1.min.js"></script><![endif]-->
  <!--[if IE 9]><!--><script src="/js/front/jquery/jquery-2.1.1.min.js?1441005520" type="text/javascript"></script><!--<![endif]-->

  <script src="/js/front/jquery_plugins/jquery.easing.1.3.js?1441005520" type="text/javascript"></script>
  <script src="/js/front/fancybox/jquery.fancybox.pack.js?1441005503" type="text/javascript"></script>
  <script src="/js/front/jquery_plugins/jquery.transit.min.js?1441005520" type="text/javascript"></script>
  <script src="/js/front/jquery_plugins/jquery.actual.min.js?1441005520" type="text/javascript"></script>
  <script src="/js/front/jquery_plugins/spin.min.js?1441005525" type="text/javascript"></script>
  <script src="/js/front/jquery_plugins/jquery.placeholder.min.js?1441005520" type="text/javascript"></script><!--[if lt IE 9]><script src="/js/front/jquery_plugins/masonry/jquery.masonry.min.js"></script><![endif]-->
<!--[if IE 9]><!--><script src="/js/front/jquery_plugins/masonry/masonry.pkgd.min.js?1441005525" type="text/javascript"></script><!--<![endif]-->
  <script src="/js/front/swiper-latest/swiper.min.js?1649282978" type="text/javascript"></script>
  
  <script src="/js/front/device/device.min.js?1441005499" type="text/javascript"></script>
  <script src="/js/front/functions/main.js?1464614005" type="text/javascript"></script>
  <script src="/js/front/functions/big.min.js?1441005512" type="text/javascript"></script>
  <script src="/js/front/app/slider.js?1617203171" type="text/javascript"></script>
  <script src="/js/front/app/stickies.js?1441005499" type="text/javascript"></script>
  <script src="/js/front/offers.js?1750431908" type="text/javascript"></script>
  <script src="/js/front/app/header.js?1649245244" type="text/javascript"></script>
  <script src="/js/front/app/app.js?1446809308" type="text/javascript"></script>

  <!-- New design -->
  <link href="/css/front/common.css?1769444125" rel="stylesheet">
  <link href="/css/front/grid.css?1649245244" rel="stylesheet">
  <link href="/css/front/pages/offers/offers.css?1769437890" rel="stylesheet">
  <link href="/css/front/soap.css?1769437892" rel="stylesheet">

  <script src="/js/cookie.js?1649245244" type="text/javascript"></script>
  <script src="/js/front/offers-popup.js?1750058753" type="text/javascript"></script>
  <script src="/js/front/mobile-filter.js?1649245244" type="text/javascript"></script>
  <script src="/js/front/pages/offers/offers.js?1699525819" type="text/javascript"></script>

  <!--[if lt IE 9]>
	<script src="/js/front/html5/html5.js"></script>
  <![endif]-->

  <link rel="icon" type="image/png" href="https://www.maxima.lv/favicon2.ico">

  <!-- Facebook and cookiebot -->
  <!-- Cookiebot -->
<link media="all" type="text/css" rel="stylesheet" href="/css/front/cookiebot/cookiebot.css?1770112523">
<script src="/js/front/cookiebot/cookiebot.js?1770132882" data-cookieconsent="ignore" type="text/javascript"></script>
<script id="Cookiebot" src="https://consent.cookiebot.com/uc.js" data-cbid="05d2406b-50ec-4387-8304-28bfeca5c82c" data-blockingmode="auto" type="text/javascript"></script>


<!-- Google Tag Manager -->
<script type="text/plain" data-cookieconsent="statistics">(function(w,d,s,l,i){w[l]=w[l]||[];w[l].push({'gtm.start':
new Date().getTime(),event:'gtm.js'});var f=d.getElementsByTagName(s)[0],
j=d.createElement(s),dl=l!='dataLayer'?'&l='+l:'';j.async=true;j.src=
'https://www.googletagmanager.com/gtm.js?id='+i+dl;f.parentNode.insertBefore(j,f);
})(window,document,'script','dataLayer','GTM-TD3Z6SM');</script>
<!-- End Google Tag Manager -->

<!-- Facebook Pixel Code -->
<script type="text/plain" data-cookieconsent="marketing">
!function(f,b,e,v,n,t,s){if(f.fbq)return;n=f.fbq=function(){n.callMethod?
n.callMethod.apply(n,arguments):n.queue.push(arguments)};if(!f._fbq)f._fbq=n;
n.push=n;n.loaded=!0;n.version='2.0';n.queue=[];t=b.createElement(e);t.async=!0;
t.src=v;s=b.getElementsByTagName(e)[0];s.parentNode.insertBefore(t,s)}(window,
document,'script','https://connect.facebook.net/en_US/fbevents.js');
fbq('init', '316921963059637'); // Insert your pixel ID here.
fbq('track', 'PageView');
</script>
<!-- End Facebook Pixel Code -->



<!-- WebPushes -->

<script type="text/plain" data-cookieconsent="marketing">
    adraker = {aid: "mz", wid: "ox"};
    (function () {
        var d = document, g = d.createElement('script'), s = d.getElementsByTagName('script')[0];
        g.type = 'text/javascript'; g.async = true; g.defer = true;
        g.src = "//adraker-dev.azureedge.net/web.min.js?id=mz,ox";
        s.parentNode.insertBefore(g, s);
    })();
</script>

<!-- End WebPushes -->
<style type="text/css"></style><style type="text/css" id="CookieConsentStateDisplayStyles">.cookieconsent-optin-preferences,.cookieconsent-optin-statistics,.cookieconsent-optin-marketing,.cookieconsent-optin{display:none;}.cookieconsent-optout-preferences,.cookieconsent-optout-statistics,.cookieconsent-optout-marketing,.cookieconsent-optout{display:block;display:initial;}</style><style type="text/css" id="CookiebotDialogStyle">#CybotCookiebotDialog *,#CybotCookiebotDialogBodyUnderlay *{background:transparent;box-sizing:border-box;color:inherit;font-family:inherit;font-size:15px;margin:0;outline:0;padding:0;vertical-align:baseline}#CybotCookiebotDialog #CybotCookiebotDialogNav :after,#CybotCookiebotDialog #CybotCookiebotDialogNav :before{content:none}#CybotCookiebotDialog button>span:first-child,#CybotCookiebotDialog label{width:auto}#CybotCookiebotDialogBodyUnderlay{background-color:#000;height:100%;left:0;margin:0;opacity:0;overflow:hidden;padding:0;pointer-events:none;position:fixed;top:0;transition:opacity .5s ease;width:100%;z-index:2147483630}#CybotCookiebotDialog.CybotCookiebotDialogActive+#CybotCookiebotDialogBodyUnderlay{opacity:.75;pointer-events:auto}#CybotCookiebotDialog{background-color:#ffffff;border-radius:8px;box-shadow:0 32px 68px rgba(0,0,0,.3);box-sizing:border-box;color:#141414;font-family:sans-serif;font-size:15px;height:auto;left:50%;letter-spacing:.1px;line-height:24px;max-height:calc(100% - 16px);overflow:hidden;position:fixed;text-align:initial;top:50%;transform:translate(-50%,-50%);transition:all .5s ease;transition-property:width,max-width,top,bottom,left,opacity;width:calc(100% - 16px);z-index:2147483631}#CybotCookiebotDialog.CybotCookiebotDialogZoomedXl{max-height:calc(100vh - 10px);width:calc(100vw - 10px)}#CybotCookiebotDialog ol,#CybotCookiebotDialog ul{list-style-position:inside}#CybotCookiebotDialog .CybotCookiebotDialogContentWrapper{align-items:flex-start;display:flex;flex-direction:column;width:100%}#CybotCookiebotDialog .CybotCookiebotDialogSROnly{clip:rect(0,0,0,0);border:0;height:1px;margin:-1px;overflow:hidden;padding:0;position:absolute;width:1px}:root #CybotCookiebotDialog,:root #CybotCookiebotDialog #CybotCookiebotDialogTabContent,_:-ms-fullscreen{height:100%}:root #CybotCookiebotDialogBody,:root #CybotCookiebotDialogTabContent .CybotCookiebotDialogTabPanel,_:-ms-fullscreen{flex:auto}@media screen and (min-width:601px){#CybotCookiebotDialog{max-width:900px}}@media screen and (min-width:1280px){#CybotCookiebotDialog{left:50%;max-height:80vh;top:0;transform:translate(-50%)}#CybotCookiebotDialog.CybotEdge{box-shadow:0 30px 70px rgba(0,0,0,.3);height:auto;max-height:70vh;max-width:100vw;min-width:100vw;padding:24px;transition-property:transform,opacity,top;width:100vw}#CybotCookiebotDialog.CybotEdge .CybotCookiebotDialogContentWrapper{flex-direction:row;margin:0 auto;max-width:1600px;position:relative}#CybotCookiebotDialog[data-template=bottom]{top:100%;transform:translate(-50%,-100%)}#CybotCookiebotDialog[data-template=pushdown],#CybotCookiebotDialog[data-template=slidedown]{transform:translate(-50%,-150%)}#CybotCookiebotDialog[data-template=pushdown].CybotCookiebotDialogActive,#CybotCookiebotDialog[data-template=slidedown].CybotCookiebotDialogActive{transform:translate(-50%)}#CybotCookiebotDialog[data-template=slideup]{top:100%;transform:translate(-50%,50%)}#CybotCookiebotDialog[data-template=slideup].CybotCookiebotDialogActive{transform:translate(-50%,-100%)}#CybotCookiebotDialog[data-template=overlay],#CybotCookiebotDialog[data-template=popup]{opacity:0;top:50%;transform:translate(-50%,-50%)}#CybotCookiebotDialog[data-template=overlay].CybotCookiebotDialogActive,#CybotCookiebotDialog[data-template=popup].CybotCookiebotDialogActive{opacity:1}}#CybotCookiebotDialogHeader{align-items:center;border-bottom:1px solid #D6D6D6;display:flex;padding:1em;width:100%}#CybotCookiebotDialog.CybotCookiebotDialogZoomedXl #CybotCookiebotDialogHeader{padding:.5em 1em}#CybotCookiebotDialogHeaderLogosWrapper{align-items:center;display:flex;flex:1;justify-content:space-between}#CybotCookiebotDialogPoweredbyCybot,#CybotCookiebotDialogPoweredbyLink{align-items:center;display:flex;width:50%}#CybotCookiebotDialogPoweredbyCybot{justify-content:flex-end;width:175px}#CybotCookiebotDialogPoweredbyImage{max-height:1.5em;width:auto}#CybotCookiebotDialogPoweredbyCybot svg{fill:#141414;height:1.7em;max-width:133px}@media screen and (min-width:601px){#CybotCookiebotDialogPoweredbyCybot svg{height:2em}}@media screen and (min-width:1280px){#CybotCookiebotDialogHeader{padding:1.5em}#CybotCookiebotDialogPoweredbyImage{max-height:2.125em}#CybotCookiebotDialog.CybotEdge #CybotCookiebotDialogHeader{align-items:center;align-self:stretch;border:none;justify-content:space-between;padding:0;width:210px}#CybotCookiebotDialog.CybotEdge #CybotCookiebotDialogHeaderLogosWrapper{align-self:stretch;flex-direction:column}#CybotCookiebotDialog.CybotEdge #CybotCookiebotDialogPoweredbyLink{flex:1}#CybotCookiebotDialog.CybotEdge #CybotCookiebotDialogPoweredbyImage{height:auto;max-height:6em;max-width:100%}#CybotCookiebotDialog.CybotEdge #CybotCookiebotDialogPoweredbyCybot{height:2em;margin-top:2em}#CybotCookiebotDialog.CybotEdge #CybotCookiebotDialogPoweredbyCybot,#CybotCookiebotDialog.CybotEdge #CybotCookiebotDialogPoweredbyLink{justify-content:center}}#CybotCookiebotDialogNav{border-bottom:1px solid #D6D6D6;position:relative;width:100%}#CybotCookiebotDialog.CybotEdge #CybotCookiebotDialogNav{display:none}#CybotCookiebotDialogNav .CybotCookiebotDialogNavItems{display:flex;list-style:none;overflow-x:auto}#CybotCookiebotDialogNav .CybotCookiebotDialogNavItems::-webkit-scrollbar{height:0;width:0}#CybotCookiebotDialogNav .CybotCookiebotDialogNavItem{flex:1 1 0%;margin:0 auto}#CybotCookiebotDialogNav .CybotCookiebotDialogNavItemLink{border-bottom:1px solid #ffffff;color:#141414;display:block;font-weight:600;height:100%;outline-offset:-5px;padding:1em;text-align:center;text-decoration:none;white-space:nowrap}#CybotCookiebotDialog.CybotCookiebotDialogZoomedXl #CybotCookiebotDialogNav .CybotCookiebotDialogNavItemLink{padding:.5em}#CybotCookiebotDialogNav .CybotCookiebotDialogNavItemLink:hover{color:#1032CF}#CybotCookiebotDialogNav .CybotCookiebotDialogNavItemLink.CybotCookiebotDialogActive{border-color:transparent;border-bottom:1px solid #1032CF;color:#1032CF}@media screen and (min-width:1280px){#CybotCookiebotDialogNav .CybotCookiebotDialogNavItemLink.CybotCookiebotDialogActive{border-width:3px}}#CybotCookiebotDialogTabContent{display:flex;flex-direction:column;height:auto;min-height:60px;overflow:auto;width:100%}#CybotCookiebotDialogTabContent .CybotCookiebotScrollContainer{display:flex;flex:1;flex-direction:column}#CybotCookiebotDialogTabContent .CybotCookiebotDialogTabPanel{flex:1;overflow-x:hidden;overflow-y:auto;width:100%}#CybotCookiebotDialogSpecialFeaturesText ul{margin:.25em 0 .25em 2em}#CybotCookiebotDialog[dir=rtl] #CybotCookiebotDialogSpecialFeaturesText ul{margin:.25em 2em .25em 0}#CybotCookiebotDialog .CybotCookiebotScrollContainer{border-bottom:1px solid #D6D6D6;height:100%;padding:.375em;position:relative}#CybotCookiebotDialog .CybotCookiebotScrollArea{height:100%}#CybotCookiebotDialog .CybotCookiebotDialogBodyBottomWrapper{width:100%}@media screen and (min-width:601px){#CybotCookiebotDialog .CybotCookiebotScrollContainer{display:flex;min-height:auto}}@media screen and (min-width:1280px){#CybotCookiebotDialog.CybotEdge .CybotCookiebotScrollContainer{border-bottom:none;display:none}#CybotCookiebotDialog.CybotEdge.CybotMultilevel .CybotCookiebotScrollContainer{width:calc(100% - 286px - 1.5em)}#CybotCookiebotDialog.CybotEdge #CybotCookiebotDialogTabContent{flex:1;margin-left:1.5em;overflow:visible}#CybotCookiebotDialog.CybotEdge[dir=rtl] #CybotCookiebotDialogTabContent{margin-left:0;margin-right:1.5em}#CybotCookiebotDialog.CybotEdge #CybotCookiebotDialogTabContent .CybotCookiebotDialogTabPanel{overflow:visible}#CybotCookiebotDialog.CybotEdge .CybotCookiebotDialogBodyBottomWrapper{align-items:flex-end;display:flex;flex-wrap:wrap;justify-content:flex-start;margin-top:1.5em;padding-left:.375em}#CybotCookiebotDialog.CybotEdge[dir=rtl] .CybotCookiebotDialogBodyBottomWrapper{padding-left:0;padding-right:.375em}#CybotCookiebotDialog.CybotEdge.CybotMultilevel .CybotCookiebotDialogBodyBottomWrapper{border-top:1px solid #D6D6D6;padding-top:1em}}@media screen and (min-width:1510px){#CybotCookiebotDialog.CybotEdge:not([lang=ta]):not([lang=bg]):not([lang=is]):not([lang=el]) #CybotCookiebotDialogTabContent{margin:0 1.5em}#CybotCookiebotDialog.CybotEdge:not([lang=ta]):not([lang=bg]):not([lang=is]):not([lang=el]) .CybotCookiebotScrollContainer{width:auto}#CybotCookiebotDialog.CybotEdge:not([lang=ta]):not([lang=bg]):not([lang=is]):not([lang=el]) .CybotCookiebotDialogBodyBottomWrapper{border-top:none;padding-top:0}}#CybotCookiebotDialog .CybotCookiebotFader{bottom:0;height:5em;left:1px;opacity:0;pointer-events:none;position:absolute;transition:opacity .3s;width:calc(100% - 1em);z-index:10}#CybotCookiebotDialog .CybotCookiebotFader:not(.CybotCookiebotFaderRight):not(.CybotCookiebotFaderLeft){max-height:50%}#CybotCookiebotDialog[dir=rtl] .CybotCookiebotFader:not(.CybotCookiebotFaderLeft){left:auto;right:1px}#CybotCookiebotDialog .CybotCookiebotFader.CybotCookiebotDialogActive{opacity:1}#CybotCookiebotDialog .CybotCookiebotFaderLeft,#CybotCookiebotDialog .CybotCookiebotFaderRight{height:100%;width:3.5em}#CybotCookiebotDialog .CybotCookiebotFaderLeft{left:0}#CybotCookiebotDialog .CybotCookiebotFaderRight{left:auto;right:0}#CybotCookiebotDialog .CybotCookiebotFader:not(.CybotCookiebotFaderLeft):not(.CybotCookiebotFaderRight){max-height:30%}@media screen and (min-width:1280px){#CybotCookiebotDialog .CybotCookiebotFader:not(.CybotCookiebotFaderLeft):not(.CybotCookiebotFaderRight){width:calc(100% - 1.5em)}}#CybotCookiebotDialogBody{display:flex;flex-direction:column;height:100%}#CybotCookiebotDialogBody .CybotCookiebotScrollContainer{display:flex;flex-direction:column;max-height:18em}#CybotCookiebotDialog #CybotCookiebotDialogBodyContent{max-height:inherit}#CybotCookiebotDialog .CybotCookiebotDialogBodyContentHeading{font-weight:600;letter-spacing:.25px;line-height:1.6em;margin-bottom:.5em}#CybotCookiebotDialogBodyContent{flex:1;height:100%;letter-spacing:.5px;line-height:1.6em;max-height:100%;overflow-x:hidden;padding:1.625em .625em}#CybotCookiebotDialog.CybotCookiebotDialogZoomedXl #CybotCookiebotDialogBodyContent{padding:.8em}#CybotCookiebotDialog .CybotCookiebotDialogDetailBodyContentCookieTabContent{list-style-type:none}#CybotCookiebotDialogDetailBulkConsent{border:1px solid #D6D6D6;border-radius:.5em;margin:0 .625em 1em;padding:1em}#CybotCookiebotDialogDetailBulkConsent:before{border-top:1px solid #D6D6D6;content:"";width:100%}#CybotCookiebotDialogDetailBulkConsentLink{color:#141414;display:block;font-weight:600;line-height:1.6em;margin-bottom:.625em;text-decoration:none}#CybotCookiebotDialogDetailBulkConsentLink:hover{color:#1032CF}#CybotCookiebotDialogTabContent .CybotCookiebotDialogDetailBulkConsentCount{background-color:#D6D6D6;border-radius:5em;display:inline-block;font-size:.8em;font-weight:700;letter-spacing:.25px;line-height:1.2em;margin-left:.5em;padding:.25em .5em}#CybotCookiebotDialog[dir=rtl] #CybotCookiebotDialogTabContent .CybotCookiebotDialogDetailBulkConsentCount{margin-left:0;margin-right:.5em}#CybotCookiebotDialogDetailBulkConsentListWrapper{background-color:#F4F4F4;border:1px solid #D6D6D6;border-radius:.5em;margin-top:1.5em;padding:1em}#CybotCookiebotDialogDetailBulkConsentListWrapper>span{border-bottom:1px solid #D6D6D6;display:block;font-weight:600;padding-bottom:1em}#CybotCookiebotDialogDetailBulkConsentList{margin-top:1em}#CybotCookiebotDialogDetailFooter{letter-spacing:.3px;line-height:1.6em;padding:0 1em 1em}#CybotCookiebotDialogDetailFooter a{color:#141414}#CybotCookiebotDialogDetailBulkConsentList dt:not(:last-of-type){margin-bottom:.5em}@media screen and (min-width:1280px){#CybotCookiebotDialog #CybotCookiebotDialogBody .CybotCookiebotScrollContainer{display:flex;flex:auto;height:auto;max-height:15.5em;overflow:hidden}#CybotCookiebotDialogBodyContent{padding:1.125em}#CybotCookiebotDialogDetailBulkConsent{margin:0 2em 1em;padding:1.5em}#CybotCookiebotDialogDetailFooter{padding:0 2em 1.125em}#CybotCookiebotDialogDetailBulkConsentListWrapper{margin-top:2em;padding:1.5em}#CybotCookiebotDialog.CybotEdge #CybotCookiebotDialogBody{display:flex;justify-content:space-between;overflow:hidden}#CybotCookiebotDialog.CybotEdge #CybotCookiebotDialogBodyContent{height:auto;padding:0 1.125em 0 0}#CybotCookiebotDialog[dir=rtl].CybotEdge #CybotCookiebotDialogBodyContent{padding-left:1.125em;padding-right:0}}#CybotCookiebotDialogDetailBodyContentIABv2Tabs .CybotCookiebotDialogBodyLevelButtonIABHeader{font-weight:600;line-height:1.6em;margin-bottom:1em}#CybotCookiebotDialogDetailBodyContentIABv2Tabs .CybotCookiebotDialogBodyLevelButtonIABWrapper{border:2px solid #D6D6D6;border-radius:1em;margin:1.5em 0 1em;padding:1em}#CybotCookiebotDialogDetailBodyContentIABv2Tabs .CybotCookiebotDialogBodyLevelButtonIABWrapper:last-of-type{margin-bottom:0}#CybotCookiebotDialogDetailBodyContentIABv2Tabs .CybotCookiebotDialogBodyLevelButtonIABContainer,#CybotCookiebotDialogDetailBodyContentIABv2Tabs .CybotCookiebotDialogBodyLevelButtonIABContainerCollapsed{background-color:#F4F4F4;border:2px solid #D6D6D6;border-radius:1em;margin-bottom:.5em;padding:.5em 1em 1em;position:relative}#CybotCookiebotDialogDetailBodyContentIABv2Tabs .CybotCookiebotDialogBodyLevelButtonIABContainer:last-of-type,#CybotCookiebotDialogDetailBodyContentIABv2Tabs .CybotCookiebotDialogBodyLevelButtonIABContainerCollapsed:last-of-type{margin-bottom:0}#CybotCookiebotDialogDetailBodyContentIABv2Tabs .CybotCookiebotDialogBodyLevelButtonWrapper{align-items:center;display:flex;font-weight:600;margin:.5em 2em 0 0}#CybotCookiebotDialog[dir=rtl] #CybotCookiebotDialogDetailBodyContentIABv2Tabs .CybotCookiebotDialogBodyLevelButtonWrapper{margin:.5em 0 0 2em}#CybotCookiebotDialogDetailBodyContentIABv2Tabs .CybotCookiebotDialogBodyLevelButtonWrapper:nth-of-type(2){margin-right:0}#CybotCookiebotDialog[dir=rtl] #CybotCookiebotDialogDetailBodyContentIABv2Tabs .CybotCookiebotDialogBodyLevelButtonWrapper:nth-of-type(2){margin-left:0;margin-right:0}#CybotCookiebotDialogDetailBodyContentIABv2Tabs #CybotCookiebotDialogDetailBodyContentIABv2PartnersBody .CybotCookiebotDialogBodyLevelButtonWrapper:nth-of-type(2){margin-right:3.5em}#CybotCookiebotDialog[dir=rtl] #CybotCookiebotDialogDetailBodyContentIABv2Tabs #CybotCookiebotDialogDetailBodyContentIABv2PartnersBody .CybotCookiebotDialogBodyLevelButtonWrapper:nth-of-type(2){margin-left:3.5em;margin-right:0}#CybotCookiebotDialogDetailBodyContentIABv2Tabs .CybotCookiebotDialogBodyLevelButtonIABDescription{border-top:1px solid #D6D6D6;margin-top:1em;padding-top:1em}#CybotCookiebotDialogDetailBodyContentIABv2Tabs .CybotCookiebotDialogBodyLevelButtonIABPurposeCount{margin-top:2em}#CybotCookiebotDialogDetailBodyContentIABv2Tabs .CybotCookiebotDialogBodyLevelButtonIABPurposeCount .CybotCookiebotDialogDetailBulkConsentCount{margin-left:.4em}#CybotCookiebotDialogDetailBodyContentIABv2Tabs .CybotCookiebotDialogBodyLevelButtonIABLinkWrapper{font-weight:700}#CybotCookiebotDialogDetailBodyContentIABv2Tabs .CybotCookiebotDialogBodyLevelButtonIABLinkWrapper:nth-of-type(2){margin-top:1em}#CybotCookiebotDialogDetailBodyContentIABv2Tabs .CybotCookiebotDialogBodyLevelButtonIABLinkWrapper a{margin-top:0;word-break:break-word}#CybotCookiebotDialogDetailBodyContentIABv2Tabs .CybotCookiebotDialogBodyLevelButtonIABDescription a{align-items:center;display:inline-flex;margin-top:.5em}#CybotCookiebotDialogDetailBodyContentIABv2Tabs .CybotCookiebotDialogBodyLevelButtonIABDescription .CybotCookiebotDialogBodyLevelButtonIABBullet{margin:1em 0 0 1em}#CybotCookiebotDialog[dir=rtl] #CybotCookiebotDialogDetailBodyContentIABv2Tabs .CybotCookiebotDialogBodyLevelButtonIABDescription .CybotCookiebotDialogBodyLevelButtonIABBullet{margin:1em 1em 0 0}#CybotCookiebotDialogDetailBodyContentIABv2Tabs .CybotCookiebotDialogBodyLevelButtonIABDescription .CybotCookiebotDialogBodyLevelButtonIABList{font-weight:700;margin-top:1em}#CybotCookiebotDialogDetailBodyContentIABv2Tabs .CybotCookiebotDialogBodyLevelButtonIABDescription .CybotCookiebotDialogBodyLevelButtonIABList li{font-weight:400;margin-left:2px}#CybotCookiebotDialog[dir=rtl] #CybotCookiebotDialogDetailBodyContentIABv2Tabs .CybotCookiebotDialogBodyLevelButtonIABDescription .CybotCookiebotDialogBodyLevelButtonIABList li{font-weight:400;margin-right:2px}#CybotCookiebotDialogDetailBodyContentIABv2Tabs .CybotCookiebotDialogBodyLevelButtonIABContainerCollapsed .CybotCookiebotDialogBodyLevelButtonIABDescription{display:none}#CybotCookiebotDialogDetailBodyContentIABv2Tabs .CybotCookiebotDialogBodyLevelButtonIABContainer .CybotCookiebotDialogBodyLevelButtonIABDescription,#CybotCookiebotDialogDetailBodyContentIABv2Tabs .CybotCookiebotDialogBodyLevelButtonIABDescription.CybotCookiebotDialogShow{display:block}#CybotCookiebotDialogDetailBodyContentIABv2Tabs .CybotCookiebotDialogBodyLevelButtonIABContainerToggleHide,#CybotCookiebotDialogDetailBodyContentIABv2Tabs .CybotCookiebotDialogBodyLevelButtonIABContainerToggleShow{display:block;height:2em;position:absolute;right:1.35em;top:.75em;width:2em}#CybotCookiebotDialog[dir=rtl] #CybotCookiebotDialogDetailBodyContentIABv2Tabs .CybotCookiebotDialogBodyLevelButtonIABContainerToggleHide,#CybotCookiebotDialog[dir=rtl] #CybotCookiebotDialogDetailBodyContentIABv2Tabs .CybotCookiebotDialogBodyLevelButtonIABContainerToggleShow{left:1.35em;right:auto}#CybotCookiebotDialogDetailBodyContentIABv2PartnersBody .CybotCookiebotDialogBodyLevelButtonIABContainer:before,#CybotCookiebotDialogDetailBodyContentIABv2PartnersBody .CybotCookiebotDialogBodyLevelButtonIABContainerCollapsed:before{border-style:solid;border-width:.15em .15em 0 0;content:"";display:inline-block;height:.5em;position:absolute;right:2em;top:1.3em;transform:rotate(-225deg);width:.5em}#CybotCookiebotDialog[dir=rtl] #CybotCookiebotDialogDetailBodyContentIABv2PartnersBody .CybotCookiebotDialogBodyLevelButtonIABContainer:before,#CybotCookiebotDialog[dir=rtl] #CybotCookiebotDialogDetailBodyContentIABv2PartnersBody .CybotCookiebotDialogBodyLevelButtonIABContainerCollapsed:before{left:2em;right:auto}#CybotCookiebotDialogDetailBodyContentIABv2PartnersBody .CybotCookiebotDialogBodyLevelButtonIABContainer:before{top:1.6em;transform:rotate(-45deg)}#CybotCookiebotDialogDetailBodyContentIABv2Tabs .CybotCookiebotDialogBodyIABIntroContainer{padding-bottom:1em}#CybotCookiebotDialogDetailBodyContentIABv2Tabs .CybotCookiebotDialogBodyLevelButtonIABLabel{line-height:1.5em}#CybotCookiebotDialogDetailBodyContentIABv2Tabs p.CybotCookiebotDialogBodyLevelButtonIABLabel{padding-left:2em}@media screen and (min-width:1280px){#CybotCookiebotDialogDetailBodyContentIABv2Tabs .CybotCookiebotDialogBodyLevelButtonIABWrapper{padding:1.5em}#CybotCookiebotDialogDetailBodyContentIABv2Tabs .CybotCookiebotDialogBodyLevelButtonIABHeader{align-items:center;border-bottom:1px solid #D6D6D6;display:flex;margin-bottom:1.5em;padding-bottom:1.5em}#CybotCookiebotDialogDetailBodyContentIABv2Tabs .CybotCookiebotDialogBodyIABIntroContainer{padding-bottom:1.5em}#CybotCookiebotDialogDetailBodyContentIABv2Tabs .CybotCookiebotDialogBodyLevelButtonIABContainerTogglesWrapper{align-items:center;display:flex;justify-content:space-between;width:100%}#CybotCookiebotDialogDetailBodyContentIABv2Tabs .CybotCookiebotDialogBodyLevelButtonIABContainer,#CybotCookiebotDialogDetailBodyContentIABv2Tabs .CybotCookiebotDialogBodyLevelButtonIABContainerCollapsed{padding:1em 1.5em 1.5em}#CybotCookiebotDialogDetailBodyContentIABv2PartnersBody .CybotCookiebotDialogBodyLevelButtonIABContainer:before,#CybotCookiebotDialogDetailBodyContentIABv2PartnersBody .CybotCookiebotDialogBodyLevelButtonIABContainerCollapsed:before{top:1.8em}#CybotCookiebotDialogDetailBodyContentIABv2PartnersBody .CybotCookiebotDialogBodyLevelButtonIABContainer:before{top:2.1em}#CybotCookiebotDialogDetailBodyContentIABv2Tabs .CybotCookiebotDialogBodyLevelButtonIABDescription{width:100%}#CybotCookiebotDialogDetailBodyContentIABv2Tabs .CybotCookiebotDialogBodyLevelButtonIABContainerToggleHide,#CybotCookiebotDialogDetailBodyContentIABv2Tabs .CybotCookiebotDialogBodyLevelButtonIABContainerToggleShow{top:1.2em}}#CybotCookiebotDialogDetailBodyContentTextAbout{padding:1.625em .625em}#CybotCookiebotDialog.CybotCookiebotDialogZoomedXl #CybotCookiebotDialogDetailBodyContentTextAbout{padding:.5em}@media screen and (min-width:1280px){#CybotCookiebotDialogDetailBodyContentTextAbout{padding:1.125em}#CybotCookiebotDialog.CybotCookiebotDialogZoomedXl #CybotCookiebotDialogDetailBodyContentTextAbout{padding:.5em}}#CybotCookiebotDialogFooter.CybotCookiebotScrollContainer{height:auto;min-height:80px;width:100%}#CybotCookiebotDialogFooter .CybotCookiebotScrollArea{padding:1em;width:100%}#CybotCookiebotDialog.CybotCookiebotDialogZoomedXl #CybotCookiebotDialogFooter .CybotCookiebotScrollArea{padding:.5em}#CybotCookiebotDialog:not(.CybotCookiebotDialogZoomedLg):not(.CybotCookiebotDialogZoomedXl) #CybotCookiebotDialogFooter.CybotCookiebotScrollContainer{min-height:auto;padding:0}#CybotCookiebotDialog.CybotCookiebotDialogZoomedLg #CybotCookiebotDialogFooter .CybotCookiebotScrollArea,#CybotCookiebotDialog.CybotCookiebotDialogZoomedXl #CybotCookiebotDialogFooter .CybotCookiebotScrollArea{overflow:auto}#CybotCookiebotDialogBodyButtons{align-items:flex-start;display:flex;flex-direction:column;flex-wrap:wrap}@media screen and (min-width:601px){#CybotCookiebotDialogBodyButtons{align-items:center;flex-direction:row}}@media screen and (min-width:1280px){#CybotCookiebotDialogFooter .CybotCookiebotScrollArea{padding:1em 1.5em 1.5em}#CybotCookiebotDialog.CybotEdge #CybotCookiebotDialogFooter{display:block;padding:0;width:auto}#CybotCookiebotDialog.CybotEdge #CybotCookiebotDialogFooter .CybotCookiebotScrollArea{padding:0}#CybotCookiebotDialog.CybotEdge #CybotCookiebotDialogFooter .CybotCookiebotScrollbarContainer{display:none}#CybotCookiebotDialog.CybotEdge.CybotMultilevel #CybotCookiebotDialogFooter{position:absolute;right:0;top:0}#CybotCookiebotDialog.CybotEdge[dir=rtl] #CybotCookiebotDialogFooter{left:0;right:auto}#CybotCookiebotDialog.CybotEdge.CybotMultilevel.CybotCloseButtonEnabled #CybotCookiebotDialogFooter{right:51px}#CybotCookiebotDialog.CybotEdge[dir=rtl].CybotCloseButtonEnabled #CybotCookiebotDialogFooter{left:51px;right:auto}#CybotCookiebotDialog.CybotEdge #CybotCookiebotDialogBodyButtons{align-items:flex-end;flex-direction:column-reverse;max-width:286px}}@media screen and (min-width:1510px){#CybotCookiebotDialog.CybotEdge:not([lang=ta]):not([lang=bg]):not([lang=is]):not([lang=el]) #CybotCookiebotDialogFooter{position:relative;right:0}#CybotCookiebotDialog.CybotEdge[dir=rtl]:not([lang=ta]):not([lang=bg]):not([lang=is]):not([lang=el]) #CybotCookiebotDialogFooter{left:0;position:relative;right:auto}}#CybotCookiebotDialog .CybotCookiebotScrollContainer>div:first-of-type::-webkit-scrollbar,#CybotCookiebotDialog.CybotCookiebotDialogZoomedLg #CybotCookiebotDialogFooter>div:first-of-type::-webkit-scrollbar,#CybotCookiebotDialog.CybotCookiebotDialogZoomedXl #CybotCookiebotDialogFooter>div:first-of-type::-webkit-scrollbar{width:.25em}#CybotCookiebotDialog .CybotCookiebotScrollContainer>div:first-of-type::-webkit-scrollbar-track,#CybotCookiebotDialog.CybotCookiebotDialogZoomedLg #CybotCookiebotDialogFooter>div:first-of-type::-webkit-scrollbar-track,#CybotCookiebotDialog.CybotCookiebotDialogZoomedXl #CybotCookiebotDialogFooter>div:first-of-type::-webkit-scrollbar-track{background:#f2f2f2;border-radius:.313em}#CybotCookiebotDialog .CybotCookiebotScrollContainer>div:first-of-type::-webkit-scrollbar-thumb,#CybotCookiebotDialog.CybotCookiebotDialogZoomedLg #CybotCookiebotDialogFooter>div:first-of-type::-webkit-scrollbar-thumb,#CybotCookiebotDialog.CybotCookiebotDialogZoomedXl #CybotCookiebotDialogFooter>div:first-of-type::-webkit-scrollbar-thumb{background:#141414;border-radius:.313em}#CybotCookiebotDialog .CybotCookiebotScrollContainer .CybotCookiebotScrollbarContainer{background:#ffffff;display:none;height:100%;pointer-events:none;position:absolute;right:.375em;top:0;transition:opacity .5s;width:.6em}#CybotCookiebotDialog[dir=rtl] .CybotCookiebotScrollContainer .CybotCookiebotScrollbarContainer{left:.375em;right:auto}#CybotCookiebotDialog:hover .CybotCookiebotScrollContainer .CybotCookiebotScrollbarContainer{opacity:0}#CybotCookiebotDialog .CybotCookiebotScrollContainer>div:first-of-type:focus{outline:none}#CybotCookiebotDialog .CybotCookiebotScrollContainer>div:first-of-type:focus::-webkit-scrollbar-thumb,#CybotCookiebotDialog.CybotCookiebotDialogZoomedLg #CybotCookiebotDialogFooter>div:first-of-type:focus::-webkit-scrollbar-thumb,#CybotCookiebotDialog.CybotCookiebotDialogZoomedXl #CybotCookiebotDialogFooter>div:first-of-type:focus::-webkit-scrollbar-thumb{background:#1032CF}@-moz-document url-prefix(){#CybotCookiebotDialog .CybotCookiebotScrollContainer>div:first-of-type,#CybotCookiebotDialog.CybotCookiebotDialogZoomedLg #CybotCookiebotDialogFooter>div:first-of-type,#CybotCookiebotDialog.CybotCookiebotDialogZoomedXl #CybotCookiebotDialogFooter>div:first-of-type{scrollbar-track-color:#f2f2f2;scrollbar-face-color:#141414;scrollbar-color:#141414 #f2f2f2;scrollbar-width:thin}}#CybotCookiebotDialog .CybotCookiebotScrollContainer>div:first-of-type:focus,#CybotCookiebotDialog.CybotCookiebotDialogZoomedLg #CybotCookiebotDialogFooter>div:first-of-type:focus,#CybotCookiebotDialog.CybotCookiebotDialogZoomedXl #CybotCookiebotDialogFooter>div:first-of-type:focus{scrollbar-color:#1032CF #f2f2f2}@media screen and (min-width:1510px){#CybotCookiebotDialog .CybotCookiebotScrollContainer>div:first-of-type::-webkit-scrollbar,#CybotCookiebotDialog.CybotCookiebotDialogZoomedLg #CybotCookiebotDialogFooter>div:first-of-type::-webkit-scrollbar,#CybotCookiebotDialog.CybotCookiebotDialogZoomedXl #CybotCookiebotDialogFooter>div:first-of-type::-webkit-scrollbar{width:.5em}#CybotCookiebotDialog .CybotCookiebotScrollContainer .CybotCookiebotScrollbarContainer{display:block}}#CybotCookiebotDialog .CybotCookiebotDialogBodyLevelButtonIABContainerToggleHide,#CybotCookiebotDialog .CybotCookiebotDialogBodyLevelButtonIABContainerToggleShow,#CybotCookiebotDialog a:after,#CybotCookiebotDialog a:before,#CybotCookiebotDialog button:after,#CybotCookiebotDialog button:before{border-color:#141414}#CybotCookiebotDialog a:hover:after,#CybotCookiebotDialog a:hover:before,#CybotCookiebotDialog button:hover:after,#CybotCookiebotDialog button:hover:before{border-color:#1032CF}#CybotCookiebotDialog #CybotCookiebotBannerCloseButtonE2E,#CybotCookiebotDialog .CybotCookiebotBannerCloseButton{fill:#141414;border:none;display:none}#CybotCookiebotDialog.CybotCloseButtonEnabled .CybotCookiebotBannerCloseButton{display:flex;margin-left:2.313rem}#CybotCookiebotDialog[dir=rtl] .CybotCookiebotBannerCloseButton{margin-left:auto;margin-right:2.313rem}#CybotCookiebotDialogFooter #CybotCookiebotDialogBodyButtonsWrapper{display:flex;flex-direction:column;width:100%}#CybotCookiebotDialogBodyButtons .CybotCookiebotDialogBodyButton:not(:first-of-type),#CybotCookiebotDialogFooter .CybotCookiebotDialogBodyButton:not(:first-of-type){margin-top:.5em}#CybotCookiebotDialogBodyButtons .CybotCookiebotDialogBodyContentControlsWrapper{align-items:center;display:flex;margin-bottom:.5em}#CybotCookiebotDialogBodyButtons .CybotCookiebotDialogBodyContentControlsWrapper .CybotCookiebotDialogBodyLevelButtonSliderWrapper{margin-right:1em}#CybotCookiebotDialogBodyButtons .CybotCookiebotDialogBodyContentControlsWrapper .CybotCookiebotDialogBodyLevelButtonDescription{font-weight:600}#CybotCookiebotDialogFooter .CybotCookiebotDialogBodyButton{background-color:transparent;border:2px solid #1032CF;border-radius:.25em;color:#141414;display:block;font-weight:600;padding:1em;text-align:center;user-select:none;width:100%}#CybotCookiebotDialogFooter .CybotCookiebotDialogBodyButton:hover{opacity:.85}#CybotCookiebotDialogFooter #CybotCookiebotDialogBodyLevelButtonCustomize,#CybotCookiebotDialogFooter #CybotCookiebotDialogBodyLevelButtonLevelOptinAllowallSelection{background-color:transparent;border-color:#1032CF;color:#141414}#CybotCookiebotDialogFooter #CybotCookiebotDialogBodyButtonAccept,#CybotCookiebotDialogFooter #CybotCookiebotDialogBodyLevelButtonAccept,#CybotCookiebotDialogFooter #CybotCookiebotDialogBodyLevelButtonLevelOptinAllowAll{background-color:#1032CF;border-color:#1032CF;color:#ffffff}#CybotCookiebotDialogFooter #CybotCookiebotDialogBodyLevelButtonCustomize{align-items:center}#CybotCookiebotDialogFooter #CybotCookiebotDialogBodyLevelButtonCustomize .CybotCookiebotDialogArrow{border-color:#141414;border-style:solid;border-width:.15em .15em 0 0;display:inline-block;height:.5em;margin-left:1em;transform:rotate(45deg);vertical-align:baseline;width:.5em}#CybotCookiebotDialog[dir=rtl] #CybotCookiebotDialogFooter #CybotCookiebotDialogBodyLevelButtonCustomize .CybotCookiebotDialogArrow{margin-left:0;margin-right:1em;transform:rotate(-135deg)}#CybotCookiebotDialogDetailBodyContentIABv2Tabs .CybotCookiebotDialogBodyLevelButtonIABHeaderToggle{border-bottom:1px solid #D6D6D6;display:flex;flex-wrap:wrap;justify-content:flex-end;margin:1em 0 1.5em auto;padding-bottom:1.5em}#CybotCookiebotDialogDetailBodyContentIABv2Tabs .CybotCookiebotDialogBodyLevelButtonIABHeaderButton,#CybotCookiebotDialogDetailBodyContentIABv2Tabs .CybotCookiebotDialogBodyLevelButtonIABHeaderToggleDeselectVendorsLink,#CybotCookiebotDialogDetailBodyContentIABv2Tabs .CybotCookiebotDialogBodyLevelButtonIABHeaderToggleSelectVendorsLink{align-items:center;background-color:transparent;border:2px solid #1032CF;border-radius:.25em;color:#141414;display:flex;font-weight:600;padding:.75em 1em;text-decoration:none;user-select:none}#CybotCookiebotDialogDetailBodyContentIABv2Tabs .CybotCookiebotDialogBodyLevelButtonIABHeaderButton:hover,#CybotCookiebotDialogDetailBodyContentIABv2Tabs .CybotCookiebotDialogBodyLevelButtonIABHeaderToggleDeselectVendorsLink:hover,#CybotCookiebotDialogDetailBodyContentIABv2Tabs .CybotCookiebotDialogBodyLevelButtonIABHeaderToggleSelectVendorsLink:hover{opacity:.85}#CybotCookiebotDialogDetailBodyContentIABv2Tabs .CybotCookiebotDialogBodyLevelButtonIABHeaderButton.select,#CybotCookiebotDialogDetailBodyContentIABv2Tabs .CybotCookiebotDialogBodyLevelButtonIABHeaderToggleSelectVendorsLink{background-color:#1032CF;border-color:#1032CF;color:#ffffff;margin-left:.5em}#CybotCookiebotDialog[dir=rtl] #CybotCookiebotDialogDetailBodyContentIABv2Tabs .CybotCookiebotDialogBodyLevelButtonIABHeaderButton.select,#CybotCookiebotDialog[dir=rtl] #CybotCookiebotDialogDetailBodyContentIABv2Tabs .CybotCookiebotDialogBodyLevelButtonIABHeaderToggleSelectVendorsLink{margin-left:0;margin-right:.5em}@media screen and (min-width:601px){#CybotCookiebotDialogFooter #CybotCookiebotDialogBodyButtonsWrapper{align-items:stretch;flex:1;flex-direction:row;justify-content:flex-end}#CybotCookiebotDialogFooter #CybotCookiebotDialogBodyButtons .CybotCookiebotDialogBodyButton:not(:first-of-type),#CybotCookiebotDialogFooter .CybotCookiebotDialogBodyButton,#CybotCookiebotDialogFooter .CybotCookiebotDialogBodyButton:not(:first-of-type){margin-top:0;width:33%}#CybotCookiebotDialogBodyButtons .CybotCookiebotDialogBodyContentControlsWrapper:not(.CybotCookiebotDialogHide)+#CybotCookiebotDialogBodyButtonsWrapper .CybotCookiebotDialogBodyButton{max-width:286px;width:100%}#CybotCookiebotDialogBodyButtons .CybotCookiebotDialogBodyButton:not(:last-of-type){margin-right:.5em}#CybotCookiebotDialog[dir=rtl] #CybotCookiebotDialogFooter .CybotCookiebotDialogBodyButton:not(:last-of-type){margin-left:.5em;margin-right:0}#CybotCookiebotDialogBodyButtons .CybotCookiebotDialogBodyContentControlsWrapper{margin-bottom:0;margin-right:1em}}@media screen and (min-width:1280px){#CybotCookiebotDialog.CybotEdge .CybotCookiebotBannerCloseButton{display:none}#CybotCookiebotDialog.CybotEdge.CybotCloseButtonEnabled #CybotCookiebotBannerCloseButtonE2E{display:flex}#CybotCookiebotDialogDetailBodyContentIABv2Tabs .CybotCookiebotDialogBodyLevelButtonIABHeaderToggle{border-bottom:none;justify-content:flex-start;margin:0 0 0 auto;padding:0}#CybotCookiebotDialog[dir=rtl] #CybotCookiebotDialogDetailBodyContentIABv2Tabs .CybotCookiebotDialogBodyLevelButtonIABHeaderToggle{margin-left:0;margin-right:auto}#CybotCookiebotDialog.CybotEdge #CybotCookiebotDialogFooter #CybotCookiebotDialogBodyButtonsWrapper{flex:auto;flex-direction:column}#CybotCookiebotDialog.CybotEdge #CybotCookiebotDialogFooter .CybotCookiebotDialogBodyButton{max-width:none;width:286px}#CybotCookiebotDialog.CybotEdge #CybotCookiebotDialogFooter .CybotCookiebotDialogBodyButton:not(:first-of-type){margin-top:.5em}}#CybotCookiebotDialogBodyLevelWrapper{width:100%}#CybotCookiebotDialogBodyEdgeMoreDetails{display:none}#CybotCookiebotDialogDetailBodyContentCookieContainerTypes{list-style-type:none}#CybotCookiebotDialog.CybotEdge #CybotCookiebotDialogBodyEdgeMoreDetails{display:flex;justify-content:flex-end;margin:1.5em 2em .5em 0}#CybotCookiebotDialog.CybotEdge[dir=rtl] #CybotCookiebotDialogBodyEdgeMoreDetails{margin-left:1.125em;margin-right:0}#CybotCookiebotDialog.CybotEdge #CybotCookiebotDialogBodyEdgeMoreDetails a{align-items:center;color:#1032CF;display:flex;font-weight:600;text-decoration:none}#CybotCookiebotDialog.CybotEdge #CybotCookiebotDialogBodyEdgeMoreDetails a:after{border-style:solid;border-width:.15em .15em 0 0;color:#141414;content:"";display:block;height:.563em;margin-left:1em;transform:rotate(45deg);width:.563em}#CybotCookiebotDialog.CybotEdge[dir=rtl] #CybotCookiebotDialogBodyEdgeMoreDetails a:after{margin-left:0;margin-right:1em;transform:rotate(225deg)}#CybotCookiebotDialogBodyLevelButtons{width:100%}#CybotCookiebotDialog .CybotCookiebotDialogBodyLevelButtonSliderWrapper{-webkit-backface-visibility:hidden;backface-visibility:hidden;display:flex;flex-shrink:0;height:32px;position:relative;width:57px}#CybotCookiebotDialog .CybotCookiebotDialogBodyLevelButtonSliderWrapper:hover input[type=checkbox]:not(:disabled)+.CybotCookiebotDialogBodyLevelButtonSlider{opacity:.85}#CybotCookiebotDialog .CybotCookiebotDialogBodyLevelButtonSliderWrapper input[type=checkbox].CybotCookiebotDialogBodyLevelButton{opacity:0}#CybotCookiebotDialog .CybotCookiebotDialogBodyLevelButtonSlider{background-color:#141414;border-radius:32px;bottom:0;left:0;pointer-events:none;position:absolute;right:0;top:0;transition:background-color .4s}#CybotCookiebotDialog .CybotCookiebotDialogBodyLevelButtonSlider:before{background-color:#ffffff;border-radius:50%;bottom:4px;content:"";height:24px;left:4px;position:absolute;transition:transform .4s;width:24px}#CybotCookiebotDialog input:checked+.CybotCookiebotDialogBodyLevelButtonSlider{background-color:#1032CF}#CybotCookiebotDialog input:checked+.CybotCookiebotDialogBodyLevelButtonSlider:before,#CybotCookiebotDialog[dir=rtl] #CybotCookiebotDialogTabContent input+.CybotCookiebotDialogBodyLevelButtonSlider:before{background-color:#ffffff;transform:translateX(26px)}#CybotCookiebotDialog[dir=rtl] #CybotCookiebotDialogTabContent input:checked+.CybotCookiebotDialogBodyLevelButtonSlider:before{transform:translateX(0)}#CybotCookiebotDialog form input[type=checkbox][disabled]:checked+.CybotCookiebotDialogBodyLevelButtonSlider{background-color:#D6D6D6;pointer-events:none}#CybotCookiebotDialogBodyLevelButtonsSelectPane{border-bottom:1px solid #D6D6D6;padding:1em 0}#CybotCookiebotDialogBodyLevelButtonsSelectPane .CybotCookiebotDialogBodyLevelButtonWrapper{align-items:center;display:flex;justify-content:space-between;padding:1em;text-align:center;width:100%}#CybotCookiebotDialogDetailBodyContentIABv2Tabs .CybotCookiebotDialogBodyLevelButtonWrapper+.CybotCookiebotDialogBodyLevelButtonWrapper label{font-size:.875em;font-style:italic;font-weight:400;letter-spacing:.15px;padding-bottom:0}#CybotCookiebotDialogBodyLevelButtonsSelectPane .CybotCookiebotDialogBodyLevelButtonDescription{font-weight:700}#CybotCookiebotDialogBodyLevelButtonsSelectPane label:not([for=CybotCookiebotDialogBodyLevelButtonNecessary]) .CybotCookiebotDialogBodyLevelButtonDescription:hover{color:#1032CF}@media screen and (min-width:601px){#CybotCookiebotDialog #CybotCookiebotDialogBodyLevelButtonsSelectPane{padding:0}#CybotCookiebotDialogBodyLevelButtonsSelectPane .CybotCookiebotDialogBodyLevelButtonWrapper{flex-direction:column;padding:1.5em 1em;width:25%}#CybotCookiebotDialogBodyLevelButtonsSelectPane .CybotCookiebotDialogBodyLevelButtonWrapper:not(:last-of-type){border-right:1px solid #D6D6D6}#CybotCookiebotDialog[dir=rtl] #CybotCookiebotDialogBodyLevelButtonsSelectPane .CybotCookiebotDialogBodyLevelButtonWrapper:not(:last-of-type){border-left:1px solid #D6D6D6;border-right:none}#CybotCookiebotDialogBodyLevelButtonsSelectPane .CybotCookiebotDialogBodyLevelButtonLabel{margin-bottom:.75em}#CybotCookiebotDialogTabContent input:focus+.CybotCookiebotDialogBodyLevelButtonSlider{box-shadow:0 0 1px #1032CF}}@media screen and (min-width:1280px){#CybotCookiebotDialog.CybotEdge #CybotCookiebotDialogBodyLevelButtonsSelectPane{border-bottom:none}#CybotCookiebotDialog.CybotEdge #CybotCookiebotDialogBodyLevelButtonsSelectPane .CybotCookiebotDialogBodyLevelButtonWrapper{border:none;flex-direction:row;margin:.5em 2.5em 0 0;padding:0;width:auto}#CybotCookiebotDialog.CybotEdge #CybotCookiebotDialogBodyLevelButtonsSelectPane .CybotCookiebotDialogBodyLevelButtonLabel{margin-bottom:0}#CybotCookiebotDialog.CybotEdge #CybotCookiebotDialogBodyLevelWrapper{width:auto}#CybotCookiebotDialog.CybotEdge .CybotCookiebotDialogBodyLevelButtonLabel{margin-right:1em}#CybotCookiebotDialog.CybotEdge[dir=rtl] .CybotCookiebotDialogBodyLevelButtonLabel{margin-left:1em;margin-right:0}#CybotCookiebotDialog.CybotEdge[dir=rtl] #CybotCookiebotDialogBodyLevelButtonsSelectPane .CybotCookiebotDialogBodyLevelButtonWrapper{border-left:none;margin:.5em 0 0 2.5em}#CybotCookiebotDialog.CybotEdge #CybotCookiebotDialogBodyEdgeMoreDetails{display:inline-flex;height:2em;margin:0}}#CybotCookiebotDialog input[type=checkbox]{height:1.5em;margin-right:.5em;width:1.5em}#CybotCookiebotDialog[dir=rtl] input[type=checkbox]{margin-left:.5em;margin-right:0}#CybotCookiebotDialog .CybotCookiebotDialogBodyLevelButtonSliderWrapperFullWidth{display:flex;height:100%;width:100%}#CybotCookiebotDialog .CybotCookiebotDialogBodyLevelButtonSliderWrapper input[type=checkbox]{height:100%;margin-right:0;width:100%}#CybotCookiebotDialog #CybotCookiebotDialogDetailBodyContentIABv2Tabs input[type=checkbox]{-moz-appearance:none;-webkit-appearance:none;-o-appearance:none;background-color:#ffffff;border:2px solid #D6D6D6;border-radius:4px;position:relative}#CybotCookiebotDialog #CybotCookiebotDialogDetailBodyContentIABv2Tabs input[type=checkbox]:not(:checked):hover{border-color:#141414}#CybotCookiebotDialog #CybotCookiebotDialogDetailBodyContentIABv2Tabs input[type=checkbox]:checked{background-color:#1032CF;border-color:#1032CF}#CybotCookiebotDialog #CybotCookiebotDialogDetailBodyContentIABv2Tabs input[type=checkbox]:checked:after{border-bottom:2px solid #ffffff;border-right:2px solid #ffffff;content:"";display:inline-block;height:50%;left:50%;position:absolute;top:calc(50% - 2px);transform:translate(-50%,-50%) rotate(45deg);width:25%}#CybotCookiebotDialogDetailBodyContentCookieContainerTypes,#CybotCookiebotDialogDetailBodyContentIABv2Tabs{padding:0 .625em;width:100%}#CybotCookiebotDialogDetailBodyContentIABv2Tabs .CybotCookiebotDialogDetailBodyContentIABv2TabsIntro{padding:1.125em 1.125em .25em}#CybotCookiebotDialog.CybotCookiebotDialogZoomedXl #CybotCookiebotDialogDetailBodyContentIABv2Tabs .CybotCookiebotDialogDetailBodyContentIABv2TabsIntro{padding:.5em}#CybotCookiebotDialogDetailBodyContentIABv2Tabs .CybotCookiebotDialogDetailBodyContentIABv2TabsIntro:nth-child(3){margin-bottom:1.5em}.CybotCookiebotDialogDetailBodyContentCookieContainerHeader{display:flex;justify-content:space-between}.CybotCookiebotDialogDetailBodyContentCookieContainerButton:before,.CybotCookiebotDialogDetailBodyContentIABv2Tab:before{border-style:solid;border-width:.15em .15em 0 0;content:"";display:inline-block;height:.5em;left:0;margin-right:1.875em;position:relative;top:.625em;transform:rotate(-45deg);vertical-align:top;width:.5em}#CybotCookiebotDialog[dir=rtl] .CybotCookiebotDialogDetailBodyContentCookieContainerButton:before,#CybotCookiebotDialog[dir=rtl] .CybotCookiebotDialogDetailBodyContentIABv2Tab:before{margin-left:1.875em;margin-right:0}.CybotCookiebotDialogDetailBodyContentCookieContainerButton.CybotCookiebotDialogCollapsed:before,.CybotCookiebotDialogDetailBodyContentIABv2Tab.CybotCookiebotDialogCollapsed:before{top:.25em;transform:rotate(-225deg)}#CybotCookiebotDialog .CookieCard{border-bottom:1px solid #D6D6D6;padding:1.5em 0}#CybotCookiebotDialog.CybotCookiebotDialogZoomedXl .CookieCard:first-of-type{padding-top:.5em}#CybotCookiebotDialog .CookieCard:not(:first-child){padding-top:1.5em}#CybotCookiebotDialog #CybotCookiebotDialogDetailBodyContentIABContainer .CookieCard{border-bottom:none;border-top:1px solid #D6D6D6}#CybotCookiebotDialogDetailBodyContentCookieContainerTypes .CookieCard:last-of-type{margin-bottom:1em}#CybotCookiebotDialogDetailBodyContentIABv2Tabs .CookieCard:first-of-type{padding-top:1.625em}#CybotCookiebotDialog .CookieCard .CybotCookiebotDialogDetailBodyContentCookieContainerButton,#CybotCookiebotDialog .CookieCard .CybotCookiebotDialogDetailBodyContentIABv2Tab{border:1px solid transparent;font-weight:700;line-height:1.5em;padding-right:.75em;user-select:none}#CybotCookiebotDialog[dir=rtl] .CookieCard .CybotCookiebotDialogDetailBodyContentCookieContainerButton,#CybotCookiebotDialog[dir=rtl] .CookieCard .CybotCookiebotDialogDetailBodyContentIABv2Tab{padding-left:.75em;padding-right:0}#CybotCookiebotDialog .CookieCard .CybotCookiebotDialogDetailBodyContentCookieContainerButton:hover,#CybotCookiebotDialog .CookieCard .CybotCookiebotDialogDetailBodyContentIABv2Tab:hover,#CybotCookiebotDialogDetailBodyContentCookieContainerTypes .CybotCookiebotDialogDetailBodyContentCookieProvider:not(.CybotCookiebotDialogDetailBodyContentCookieInfoCount):hover{color:#1032CF}#CybotCookiebotDialog .CookieCard .CybotCookiebotDialogDetailBodyContentCookieTypeIntro,#CybotCookiebotDialogDetailBodyContentCookieContainerTypes .CybotCookiebotDialogDetailBodyContentCookieTypeTableContainer,#CybotCookiebotDialogDetailBodyContentIABv2Tabs .CollapseCard{padding-top:1em}#CybotCookiebotDialogDetailBodyContentIABv2Tabs .CollapseCard>div:not(.CybotCookiebotDialogBodyLevelButtonIABWrapper){letter-spacing:.3px;line-height:1.6em;margin-left:2.9em}#CybotCookiebotDialogDetailBodyContentIABv2Tabs .CybotCookiebotDialogDetailBodyContentIABv2CardIntro{letter-spacing:.3px;line-height:1.6em;margin-left:2.9em;padding-top:1em}#CybotCookiebotDialog[dir=rtl] #CybotCookiebotDialogDetailBodyContentIABv2Tabs .CollapseCard>div:not(.CybotCookiebotDialogBodyLevelButtonIABWrapper),#CybotCookiebotDialog[dir=rtl] #CybotCookiebotDialogDetailBodyContentIABv2Tabs .CybotCookiebotDialogDetailBodyContentIABv2CardIntro{margin-left:0;margin-right:2.9em}#CybotCookiebotDialogDetailBodyContentCookieContainerTypes .CybotCookiebotDialogDetailBodyEmptyCategoryMessage{border:1px solid #D6D6D6;border-radius:.5em;font-weight:600;margin:1em 0;padding:1em 1.5em}#CybotCookiebotDialogDetailBodyContentCookieContainerTypes .CybotCookiebotDialogDetailBodyContentCookieGroup{border:1px solid #D6D6D6;border-radius:.5em;margin-bottom:.5em;padding:1em}#CybotCookiebotDialogDetailBodyContentCookieContainerTypes .CybotCookiebotDialogDetailBodyContentCookieGroup:not(.open):hover{background-color:rgba(0,0,0,.05)}#CybotCookiebotDialogDetailBodyContentCookieContainerTypes .CybotCookiebotDialogDetailBodyContentCookieGroup:last-of-type{margin-bottom:0}#CybotCookiebotDialogDetailBodyContentCookieContainerTypes .CybotCookiebotDialogDetailBodyContentCookieProvider{display:block;font-weight:700;position:relative;text-decoration:none}#CybotCookiebotDialogDetailBodyContentCookieContainerTypes .CybotCookiebotDialogDetailBodyContentCookieProvider>div{pointer-events:none}#CybotCookiebotDialogDetailBodyContentCookieContainerTypes .CybotCookiebotDialogDetailBodyContentCookieProvider:not(.CybotCookiebotDialogDetailBodyContentCookieInfoCount){color:#141414}#CybotCookiebotDialogDetailBodyContentCookieContainerTypes .CybotCookiebotDialogDetailBodyContentCookieProvider.CybotCookiebotDialogCollapsed:after,#CybotCookiebotDialogDetailBodyContentCookieContainerTypes .CybotCookiebotDialogDetailBodyContentCookieProvider:after{border-style:solid;border-width:.15em .15em 0 0;content:"";display:inline-block;height:.5em;position:absolute;right:1em;top:.5em;transform:rotate(-45deg);width:.5em}#CybotCookiebotDialog[dir=rtl] #CybotCookiebotDialogDetailBodyContentCookieContainerTypes .CybotCookiebotDialogDetailBodyContentCookieProvider.CybotCookiebotDialogCollapsed:after,#CybotCookiebotDialog[dir=rtl] #CybotCookiebotDialogDetailBodyContentCookieContainerTypes .CybotCookiebotDialogDetailBodyContentCookieProvider:after{left:1em;right:auto}#CybotCookiebotDialogDetailBodyContentCookieContainerTypes .CybotCookiebotDialogDetailBodyContentCookieProvider.CybotCookiebotDialogCollapsed:after{transform:rotate(-225deg)}#CybotCookiebotDialogDetailBodyContentCookieContainerTypes .CybotCookiebotDialogDetailBodyContentCookieLink{align-items:center;display:inline-flex;padding-top:1em;position:relative}#CybotCookiebotDialogDetailBodyContentCookieContainerTypes .CybotCookiebotDialogDetailBodyContentCookieInfo{background-color:#F4F4F4;border:1px solid #D6D6D6;border-radius:1em;margin-bottom:.5em;padding:1em}#CybotCookiebotDialogDetailBodyContentCookieContainerTypes .CybotCookiebotDialogDetailBodyContentCookieInfo:last-of-type{margin-bottom:0}#CybotCookiebotDialogDetailBodyContentCookieContainerTypes .CybotCookiebotDialogDetailBodyContentCookieInfoWrapper.CybotCookiebotDialogShow{display:block}#CybotCookiebotDialogDetailBodyContentCookieContainerTypes .CybotCookiebotDialogDetailBodyContentCookieInfoWrapper{margin-top:3.125em;position:relative}#CybotCookiebotDialogDetailBodyContentCookieContainerTypes .CybotCookiebotDialogDetailBodyContentCookieInfoWrapper:before{border-top:1px solid #D6D6D6;content:"";left:0;position:absolute;top:-1.5em;width:100%}#CybotCookiebotDialogDetailBodyContentCookieContainerTypes .CybotCookiebotDialogDetailBodyContentCookieProviderDescription{margin-bottom:1.56em}#CybotCookiebotDialogDetailBodyContentCookieContainerTypes .CybotCookiebotDialogDetailBodyContentCookieInfoTitle{display:block;font-weight:700;line-height:1.6em;margin-bottom:.5em}#CybotCookiebotDialogDetailBodyContentCookieContainerTypes .CybotCookiebotDialogDetailBodyContentCookieInfoDescription{display:block;letter-spacing:.3px;padding-bottom:1em}#CybotCookiebotDialogDetailBodyContentCookieContainerTypes .CybotCookiebotDialogDetailBodyContentCookieInfoFooter{border-top:1px solid #D6D6D6;display:flex;flex-wrap:wrap;padding-top:.5em}#CybotCookiebotDialogDetailBodyContentCookieContainerTypes .CybotCookiebotDialogDetailBodyContentCookieInfoFooterContent{margin-top:.5em;width:100%}@media screen and (min-width:1280px){#CybotCookiebotDialogDetailBodyContentCookieContainerTypes,#CybotCookiebotDialogDetailBodyContentIABv2Tabs{padding:0 1.125em}#CybotCookiebotDialogDetailBodyContentCookieContainerTypes .CybotCookiebotDialogDetailBodyContentCookieTypeTableContainer{margin-top:2em}#CybotCookiebotDialogDetailBodyContentCookieContainerTypes .CybotCookiebotDialogDetailBodyContentCookieTypeTableContainer,#CybotCookiebotDialogDetailBodyContentIABv2Tabs .CollapseCard{margin-left:3em;padding-top:.5em}#CybotCookiebotDialog[dir=rtl] #CybotCookiebotDialogDetailBodyContentCookieContainerTypes .CybotCookiebotDialogDetailBodyContentCookieTypeTableContainer,#CybotCookiebotDialog[dir=rtl] #CybotCookiebotDialogDetailBodyContentIABv2Tabs .CollapseCard{margin-left:0;margin-right:3em}#CybotCookiebotDialogDetailBodyContentIABv2Tabs .CollapseCard>div:not(.CybotCookiebotDialogBodyLevelButtonIABWrapper){margin-left:0}#CybotCookiebotDialog .CookieCard{padding:1.125em 0 1.5em}#CybotCookiebotDialogDetailBodyContentCookieContainerTypes .CookieCard:last-of-type{margin-bottom:1.5em;padding-bottom:2em}#CybotCookiebotDialogDetailBodyContentIABv2Tabs .CookieCard:first-of-type{padding-top:1.125em}#CybotCookiebotDialogDetailBodyContentIABv2Tabs .CookieCard:last-of-type{padding-bottom:1.125em}#CybotCookiebotDialog .CookieCard .CybotCookiebotDialogDetailBodyContentCookieTypeIntro{padding-left:3em}#CybotCookiebotDialog[dir=rtl] .CookieCard .CybotCookiebotDialogDetailBodyContentCookieTypeIntro{padding-left:0;padding-right:3em}#CybotCookiebotDialogDetailBodyContentCookieContainerTypes .CybotCookiebotDialogDetailBodyEmptyCategoryMessage{margin:0 0 1.5em;padding:1.5em}#CybotCookiebotDialogDetailBodyContentCookieContainerTypes .CybotCookiebotDialogDetailBodyContentCookieGroup,#CybotCookiebotDialogDetailBodyContentCookieContainerTypes .CybotCookiebotDialogDetailBodyContentCookieInfo{padding:1.5em}#CybotCookiebotDialogDetailBodyContentCookieContainerTypes .CybotCookiebotDialogDetailBodyContentCookieInfoWrapper{margin-top:3.75em}#CybotCookiebotDialogDetailBodyContentCookieContainerTypes .CybotCookiebotDialogDetailBodyContentCookieInfoWrapper:before{top:-2em}#CybotCookiebotDialogDetailBodyContentCookieContainerTypes .CybotCookiebotDialogDetailBodyContentCookieProviderDescription{margin-bottom:1.875em}#CybotCookiebotDialogDetailBodyContentCookieContainerTypes .CybotCookiebotDialogDetailBodyContentCookieInfoFooterContent{width:50%}}#CybotCookiebotDialog .CybotCookiebotDialogHide{display:none}.CybotExpandLink{position:relative}.CybotExpandLink.CybotCookiebotDialogCollapsed:after,.CybotExpandLink:after{border-style:solid;border-width:.15em .15em 0 0;content:"";height:.5em;position:absolute;right:1em;top:.3em;transform:rotate(-45deg);width:.5em}#CybotCookiebotDialog[dir=rtl] .CybotExpandLink.CybotCookiebotDialogCollapsed:after,#CybotCookiebotDialog[dir=rtl] .CybotExpandLink:after{left:0;right:auto}.CybotExpandLink.CybotCookiebotDialogCollapsed:after{transform:rotate(-225deg)}#CybotCookiebotDialog .CybotExternalLinkArrow{margin-left:.625em}#CybotCookiebotDialog[dir=rtl] .CybotExternalLinkArrow{margin-left:0;margin-right:.625em;transform:scaleX(-1)}#CybotCookiebotDialog .CookieCard .CybotCookiebotDialogDetailBodyContentCookieContainerButton:not(:disabled):not(.disabled),#CybotCookiebotDialog .CookieCard .CybotCookiebotDialogDetailBodyContentIABv2Tab:not(:disabled):not(.disabled),#CybotCookiebotDialog .CybotCookiebotDialogBodyLevelButtonSliderWrapper input[type=checkbox],#CybotCookiebotDialog button,#CybotCookiebotDialog input,#CybotCookiebotDialog label:not([for=CybotCookiebotDialogBodyLevelButtonNecessary]){cursor:pointer}#CybotCookiebotDialog .CybotCookiebotDialogBodyLevelButtonSliderWrapper input[type=checkbox]:disabled{pointer-events:none}#CybotCookiebotDialog .CybotCookiebotDialogBodyLevelButtonSliderWrapperDisabled{cursor:not-allowed}#CybotCookiebotDialog dt{word-break:break-all}#CybotCookiebotDialog fieldset{border:none;width:100%}#CybotCookiebotDialog fieldset #CybotCookiebotDialogBodyFieldsetInnerContainer{display:flex;flex-wrap:wrap;width:100%}#CybotCookiebotDialog legend.visuallyhidden{display:block}#CybotCookiebotDialog .visuallyhidden{height:1px;margin:-1px;overflow:hidden;padding:0;position:absolute;width:1px}#CybotCookiebotDialog #CybotCookiebotDialogBodyContentText a,#CybotCookiebotDialog #CybotCookiebotDialogBodyLevelButtonIABHeaderViewPartnersLink,#CybotCookiebotDialog #CybotCookiebotDialogDetailBulkConsentList dt a,#CybotCookiebotDialog #CybotCookiebotDialogDetailFooter a,#CybotCookiebotDialog .CybotCookiebotDialogBodyLevelButtonIABDescription a,#CybotCookiebotDialog .CybotCookiebotDialogDetailBodyContentCookieLink,#CybotCookiebotDialogDetailBodyContentTextAbout a{color:#2A4EEF;font-weight:600;text-decoration:none}#CybotCookiebotDialog #CybotCookiebotDialogBodyContentText a:focus,#CybotCookiebotDialog #CybotCookiebotDialogBodyContentText a:hover,#CybotCookiebotDialog #CybotCookiebotDialogBodyLevelButtonIABHeaderViewPartnersLink:focus,#CybotCookiebotDialog #CybotCookiebotDialogBodyLevelButtonIABHeaderViewPartnersLink:hover,#CybotCookiebotDialog #CybotCookiebotDialogDetailBulkConsentList dt a:focus,#CybotCookiebotDialog #CybotCookiebotDialogDetailBulkConsentList dt a:hover,#CybotCookiebotDialog #CybotCookiebotDialogDetailFooter a:focus,#CybotCookiebotDialog #CybotCookiebotDialogDetailFooter a:hover,#CybotCookiebotDialog .CybotCookiebotDialogBodyLevelButtonIABDescription a:focus,#CybotCookiebotDialog .CybotCookiebotDialogBodyLevelButtonIABDescription a:hover,#CybotCookiebotDialog .CybotCookiebotDialogDetailBodyContentCookieLink:focus,#CybotCookiebotDialog .CybotCookiebotDialogDetailBodyContentCookieLink:hover,#CybotCookiebotDialogDetailBodyContentTextAbout a:focus,#CybotCookiebotDialogDetailBodyContentTextAbout a:hover{text-decoration:underline}#CybotCookiebotDialog .CybotCookiebotDialogBodyLevelButtonSliderWrapper input:focus-visible+span,#CybotCookiebotDialog :focus-visible,#CybotCookiebotDialog:focus-visible{outline:none}@media screen and (min-width:601px){#CybotCookiebotDialog .CybotCookiebotDialogBodyLevelButtonSliderWrapper input:focus-visible+span,#CybotCookiebotDialog :focus-visible{outline:2px solid #1032CF}#CybotCookiebotDialog .CybotCookiebotBannerCloseButton:focus-visible,#CybotCookiebotDialog .CybotCookiebotDialogBodyButton:focus-visible,#CybotCookiebotDialog .CybotCookiebotDialogBodyLevelButtonIABHeaderButton:focus-visible,#CybotCookiebotDialog .CybotCookiebotDialogBodyLevelButtonIABHeaderToggleDeselectVendorsLink:focus-visible,#CybotCookiebotDialog .CybotCookiebotDialogBodyLevelButtonIABHeaderToggleSelectVendorsLink:focus-visible,#CybotCookiebotDialog .CybotCookiebotDialogBodyLevelButtonSliderWrapper input:focus-visible+span{outline-offset:2px}}@media not all and (min-resolution:.001dpcm){@media screen and (min-width:1280px){#CybotCookiebotDialog #CybotCookiebotDialogBody .CybotCookiebotScrollContainer{display:block}}}#CookiebotSessionPixel{display:none}
    #CybotCookiebotDialog[dir="rtl"] .CybotCookiebotScrollContainer .CybotCookiebotScrollbarContainer {
      right: auto;
      left: 0.375em;
    }

    #CybotCookiebotDialogDetailBodyContentIABv2Tabs .CybotCookiebotDialogBodyLevelButtonIABContainerToggleShow,
    #CybotCookiebotDialogDetailBodyContentIABv2Tabs .CybotCookiebotDialogBodyLevelButtonIABContainerToggleHide {
        top: .75em;
        right: 1.35em;
    }

    #CybotCookiebotDialog[dir="rtl"] #CybotCookiebotDialogDetailBodyContentIABv2Tabs .CybotCookiebotDialogBodyLevelButtonIABContainerToggleShow,
    #CybotCookiebotDialog[dir="rtl"] #CybotCookiebotDialogDetailBodyContentIABv2Tabs .CybotCookiebotDialogBodyLevelButtonIABContainerToggleHide {
        left: 1.35em;
    }

    #CybotCookiebotDialogDetailBodyContentIABv2Tabs #CybotCookiebotDialogDetailBodyContentIABv2PartnersBody .CybotCookiebotDialogBodyLevelButtonWrapper:nth-of-type(2) {
      margin-right: 3.5em;
    }

    #CybotCookiebotDialog[dir="rtl"] #CybotCookiebotDialogDetailBodyContentIABv2Tabs #CybotCookiebotDialogDetailBodyContentIABv2PartnersBody .CybotCookiebotDialogBodyLevelButtonWrapper:nth-of-type(2) {
        margin-right: 0;
        margin-left: 3.5em;
    }

    #CybotCookiebotDialog .CybotCookiebotDialogBodyContentHeading {
      margin-bottom: 0.5em;
      font-weight: 600;
      line-height: 1.6em;
      letter-spacing: 0.25px;
    }

    #CybotCookiebotDialog .CybotCookiebotDialogSROnly {
      position: absolute;
      width: 1px;
      height: 1px;
      padding: 0;
      margin: -1px;
      overflow: hidden;
      clip: rect(0, 0, 0, 0);
      border: 0;
    }

    #CybotCookiebotDialog #CybotCookiebotDialogBodyContentText a,
    #CybotCookiebotDialog #CybotCookiebotDialogDetailFooter a,
    #CybotCookiebotDialog #CybotCookiebotDialogDetailBulkConsentList dt a,
    #CybotCookiebotDialog .CybotCookiebotDialogBodyLevelButtonIABDescription a,
    #CybotCookiebotDialog .CybotCookiebotDialogDetailBodyContentCookieLink,
    #CybotCookiebotDialog #CybotCookiebotDialogBodyLevelButtonIABHeaderViewPartnersLink,
    #CybotCookiebotDialogDetailBodyContentTextAbout a {
        color: #2A4EEF;
    }

    #CybotCookiebotDialog #CybotCookiebotDialogBodyContentText a:hover,
    #CybotCookiebotDialog #CybotCookiebotDialogDetailFooter a:hover,
    #CybotCookiebotDialog #CybotCookiebotDialogDetailBulkConsentList dt a:hover,
    #CybotCookiebotDialog .CybotCookiebotDialogBodyLevelButtonIABDescription a:hover,
    #CybotCookiebotDialog .CybotCookiebotDialogDetailBodyContentCookieLink:hover,
    #CybotCookiebotDialog #CybotCookiebotDialogBodyLevelButtonIABHeaderViewPartnersLink:hover,
    #CybotCookiebotDialogDetailBodyContentTextAbout a:hover,
    #CybotCookiebotDialog #CybotCookiebotDialogBodyContentText a:focus,
    #CybotCookiebotDialog #CybotCookiebotDialogDetailFooter a:focus,
    #CybotCookiebotDialog #CybotCookiebotDialogDetailBulkConsentList dt a:focus,
    #CybotCookiebotDialog .CybotCookiebotDialogBodyLevelButtonIABDescription a:focus,
    #CybotCookiebotDialog .CybotCookiebotDialogDetailBodyContentCookieLink:focus,
    #CybotCookiebotDialog #CybotCookiebotDialogBodyLevelButtonIABHeaderViewPartnersLink:focus,
    #CybotCookiebotDialogDetailBodyContentTextAbout a:focus {
        text-decoration: underline;
    }

    #CybotCookiebotDialogTabContent {
      min-height: 60px;
    }

    #CybotCookiebotDialog .CybotCookiebotScrollContainer {
      min-height: auto;
    }

    #CybotCookiebotDialogFooter.CybotCookiebotScrollContainer {
      height: auto;
      min-height: 80px;
      width: 100%;
    }

    #CybotCookiebotDialogFooter .CybotCookiebotScrollArea {
      width: 100%;
      padding: 1em;
    }

    #CybotCookiebotDialog:not(.CybotCookiebotDialogZoomed) #CybotCookiebotDialogFooter.CybotCookiebotScrollContainer {
      min-height: 80px;
      padding: .375em;
    }

    #CybotCookiebotDialog:not(.CybotCookiebotDialogZoomedLg):not(.CybotCookiebotDialogZoomedXl) #CybotCookiebotDialogFooter.CybotCookiebotScrollContainer {
      min-height: auto;
      padding: 0;
    }

    #CybotCookiebotDialog.CybotCookiebotDialogZoomedLg #CybotCookiebotDialogFooter .CybotCookiebotScrollArea,
    #CybotCookiebotDialog.CybotCookiebotDialogZoomedXl #CybotCookiebotDialogFooter .CybotCookiebotScrollArea {
      overflow: auto;
    }

    #CybotCookiebotDialog.CybotCookiebotDialogZoomedLg #CybotCookiebotDialogFooter > div:first-of-type::-webkit-scrollbar,
    #CybotCookiebotDialog.CybotCookiebotDialogZoomedXl #CybotCookiebotDialogFooter > div:first-of-type::-webkit-scrollbar {
      width: .25em;
    }

    #CybotCookiebotDialog.CybotCookiebotDialogZoomedLg #CybotCookiebotDialogFooter > div:first-of-type::-webkit-scrollbar-track,
    #CybotCookiebotDialog.CybotCookiebotDialogZoomedXl #CybotCookiebotDialogFooter > div:first-of-type::-webkit-scrollbar-track {
        background: #f2f2f2;
        border-radius: .313em;
    }

    #CybotCookiebotDialog.CybotCookiebotDialogZoomedLg #CybotCookiebotDialogFooter > div:first-of-type::-webkit-scrollbar-thumb,
    #CybotCookiebotDialog.CybotCookiebotDialogZoomedXl #CybotCookiebotDialogFooter > div:first-of-type::-webkit-scrollbar-thumb {
        background: #141414;
        border-radius: .313em;
    }

    #CybotCookiebotDialog.CybotCookiebotDialogZoomedLg #CybotCookiebotDialogFooter > div:first-of-type:focus::-webkit-scrollbar-thumb,
    #CybotCookiebotDialog.CybotCookiebotDialogZoomedXl #CybotCookiebotDialogFooter > div:first-of-type:focus::-webkit-scrollbar-thumb {
        background: #1032CF;
    }

    @-moz-document url-prefix() {
        #CybotCookiebotDialog .CybotCookiebotScrollContainer > div:first-of-type,
        #CybotCookiebotDialog.CybotCookiebotDialogZoomedLg #CybotCookiebotDialogFooter > div:first-of-type,
        #CybotCookiebotDialog.CybotCookiebotDialogZoomedXl #CybotCookiebotDialogFooter > div:first-of-type {
            scrollbar-width: thin;
            scrollbar-color: #141414 #f2f2f2;
            scrollbar-track-color: #f2f2f2;
            scrollbar-face-color: #141414;
        }
    }

    #CybotCookiebotDialog.CybotCookiebotDialogZoomedLg #CybotCookiebotDialogFooter > div:first-of-type:focus,
    #CybotCookiebotDialog.CybotCookiebotDialogZoomedXl #CybotCookiebotDialogFooter > div:first-of-type:focus {
      scrollbar-color: #1032CF #f2f2f2;
    }

    #CybotCookiebotDialog.CybotCookiebotDialogZoomedXl {
      width: calc(100vw - 10px);
      max-height: calc(100vh - 10px);
    }

    #CybotCookiebotDialog.CybotCookiebotDialogZoomedXl #CybotCookiebotDialogHeader {
      padding: .5em 1em;
    }

    #CybotCookiebotDialog.CybotCookiebotDialogZoomedXl #CybotCookiebotDialogNav .CybotCookiebotDialogNavItemLink,
    #CybotCookiebotDialog.CybotCookiebotDialogZoomedXl #CybotCookiebotDialogFooter .CybotCookiebotScrollArea,
    #CybotCookiebotDialog.CybotCookiebotDialogZoomedXl #CybotCookiebotDialogDetailBodyContentIABv2Tabs .CybotCookiebotDialogDetailBodyContentIABv2TabsIntro,
    #CybotCookiebotDialog.CybotCookiebotDialogZoomedXl #CybotCookiebotDialogDetailBodyContentTextAbout {
      padding: .5em;
    }

    #CybotCookiebotDialog.CybotCookiebotDialogZoomedXl #CybotCookiebotDialogBodyContent {
      padding: .8em;
    }

    #CybotCookiebotDialog.CybotCookiebotDialogZoomedXl .CookieCard:first-of-type {
      padding-top: .5em;
    }

    #CybotCookiebotDialog .CybotCookiebotFader:not(.CybotCookiebotFaderRight):not(.CybotCookiebotFaderLeft) {
      max-height: 50%;
    }

    #CybotCookiebotDialogBodyButtons .CybotCookiebotDialogBodyButton:not(:first-of-type) {
      margin-top: 0.5em;
    }

    #CybotCookiebotDialog.CybotEdge #CybotCookiebotDialogFooter .CybotCookiebotDialogBodyButton,
    #CybotCookiebotDialogBodyButtons .CybotCookiebotDialogBodyButton:not(:last-of-type) {
      margin-bottom: 0;
    }

    #CybotCookiebotDialog.CybotCookiebotDialogZoomedLg #CybotCookiebotDialogFooter,
    #CybotCookiebotDialog.CybotCookiebotDialogZoomedXl #CybotCookiebotDialogFooter {
      overflow: auto;
    }

    #CybotCookiebotDialogFooter #CybotCookiebotDialogBodyButtonsWrapper {
      flex-direction: column;
    }

    #CybotCookiebotDialog.CybotEdge #CybotCookiebotDialogFooter .CybotCookiebotDialogBodyButton:last-of-type {
        margin-bottom: 0;
    }

    #CybotCookiebotDialogDetailBodyContentIABv2Tabs .CybotCookiebotDialogBodyLevelButtonIABHeaderToggle {
      flex-direction: row;
    }

    #CybotCookiebotDialogPoweredbyCybot svg {
      display: block;
      height: 1.7em;
      opacity: 1;
      max-width: 133px;
    }

    #CybotCookiebotDialogPoweredByText {
      display: none;
    }

    #CybotCookiebotDialog .CybotCookiebotBannerCloseButton {
      margin-left: 2.313rem;
    }

    #CybotCookiebotDialog[dir="rtl"] .CybotCookiebotBannerCloseButton {
      margin-left: auto;
      margin-right: 2.313rem;
    }

    #CybotCookiebotDialogDetailBodyContentCookieContainerTypes .CybotCookiebotDialogDetailBodyContentCookieInfoWrapper {
      position: relative;
      margin-top: 3.125em;
    }

    #CybotCookiebotDialogDetailBodyContentCookieContainerTypes .CybotCookiebotDialogDetailBodyContentCookieInfoWrapper.CybotCookiebotDialogShow {
      display: block;
    }

    #CybotCookiebotDialogDetailBodyContentCookieContainerTypes .CybotCookiebotDialogDetailBodyContentCookieInfoWrapper:before {
      content: '';
      position: absolute;
      top: -1.5em;
      left: 0;
      width: 100%;
      border-top: 1px solid #D6D6D6;
    }

    #CybotCookiebotDialogDetailBodyContentCookieContainerTypes .CybotCookiebotDialogDetailBodyContentCookieProviderDescription {
      margin-bottom: 1.56em;
    }

    #CybotCookiebotDialogDetailBodyContentCookieContainerTypes .CybotCookiebotDialogDetailBodyContentCookieInfo:before {
      display: none;
    }

    @media screen and (min-width: 601px) {
      #CybotCookiebotDialogFooter .CybotCookiebotDialogBodyButton,
      #CybotCookiebotDialogFooter .CybotCookiebotDialogBodyButton:not(:first-of-type),
      #CybotCookiebotDialogFooter #CybotCookiebotDialogBodyButtons .CybotCookiebotDialogBodyButton:not(:last-of-type),
        #CybotCookiebotDialogFooter #CybotCookiebotDialogBodyButtons .CybotCookiebotDialogBodyButton:not(:first-of-type) {
          margin-bottom: 0;
          margin-top: 0;
          width: 33%;
      }

      #CybotCookiebotDialogFooter #CybotCookiebotDialogBodyButtonsWrapper {
        flex-direction: row;
      }

      #CybotCookiebotDialogPoweredbyCybot svg {
          height: 2em;
      }

      #CybotCookiebotDialog .CybotCookiebotDialogBodyButton:focus-visible,
      #CybotCookiebotDialog .CybotCookiebotDialogBodyLevelButtonIABHeaderToggleDeselectVendorsLink:focus-visible,
      #CybotCookiebotDialog .CybotCookiebotDialogBodyLevelButtonIABHeaderToggleSelectVendorsLink:focus-visible,
      #CybotCookiebotDialog .CybotCookiebotDialogBodyLevelButtonIABHeaderButton:focus-visible,
      #CybotCookiebotDialog .CybotCookiebotBannerCloseButton:focus-visible,
      #CybotCookiebotDialog .CybotCookiebotDialogBodyLevelButtonSliderWrapper input:focus-visible + span {
          outline-offset: 2px;
      }
    }

    @media screen and (min-width: 1280px) {
      #CybotCookiebotDialog.CybotCookiebotDialogZoomedLg #CybotCookiebotDialogFooter > div:first-of-type::-webkit-scrollbar,
      #CybotCookiebotDialog.CybotCookiebotDialogZoomedXl #CybotCookiebotDialogFooter > div:first-of-type::-webkit-scrollbar {
        width: .5em;
      }

      #CybotCookiebotDialogDetailBodyContentIABv2Tabs .CybotCookiebotDialogBodyLevelButtonIABContainerToggleShow,
      #CybotCookiebotDialogDetailBodyContentIABv2Tabs .CybotCookiebotDialogBodyLevelButtonIABContainerToggleHide {
          top: 1.2em;
      }

      #CybotCookiebotDialogFooter {
        padding: 0;
      }

      #CybotCookiebotDialogFooter .CybotCookiebotScrollArea {
        padding: 1em 1.5em 1.5em;
      }

      #CybotCookiebotDialog.CybotEdge #CybotCookiebotDialogFooter {
          display: block;
      }

      #CybotCookiebotDialog.CybotEdge #CybotCookiebotDialogFooter .CybotCookiebotDialogBodyButton:not(:first-of-type) {
        margin-top: 0.5em;
      }

      #CybotCookiebotDialog.CybotEdge #CybotCookiebotDialogFooter .CybotCookiebotDialogBodyButton,
      #CybotCookiebotDialog.CybotEdge #CybotCookiebotDialogFooter .CybotCookiebotDialogBodyButton:not(:last-of-type) {
        margin-bottom: 0;
      }

      #CybotCookiebotDialog.CybotEdge #CybotCookiebotDialogFooter .CybotCookiebotDialogBodyButton {
        width: 286px;
        max-width: none;
      }

      #CybotCookiebotDialog.CybotEdge #CybotCookiebotDialogFooter .CybotCookiebotScrollArea {
        padding: 0;
      }

      #CybotCookiebotDialog.CybotEdge #CybotCookiebotDialogFooter .CybotCookiebotScrollbarContainer {
        display: none;
      }

      #CybotCookiebotDialog.CybotEdge #CybotCookiebotDialogFooter #CybotCookiebotDialogBodyButtonsWrapper {
        flex-direction: column;
      }

      #CybotCookiebotDialogDetailBodyContentCookieContainerTypes .CybotCookiebotDialogDetailBodyContentCookieInfoWrapper {
        margin-top: 3.75em;
      }

      #CybotCookiebotDialogDetailBodyContentCookieContainerTypes .CybotCookiebotDialogDetailBodyContentCookieProviderDescription {
        margin-bottom: 1.875em;
      }

      #CybotCookiebotDialogDetailBodyContentCookieContainerTypes .CybotCookiebotDialogDetailBodyContentCookieInfoWrapper:before {
        top: -2em;
      }

      #CybotCookiebotDialog.CybotEdge.CybotMultilevel .CybotCookiebotDialogBodyBottomWrapper {
        border-top: 1px solid #D6D6D6;
        padding-top: 1em;
      }

      #CybotCookiebotDialog.CybotEdge .CybotCookiebotDialogGpcContainer {
        align-items: flex-end;
        justify-content: flex-start;
        flex-wrap: wrap;
        padding-left: 0px;
        border-bottom: none;
      }
    }
      
    #CybotCookiebotDialog .CybotCookiebotDialogGpcContainer {
        display: none;
        align-items: center;
        width: 100%;
        flex: 1;
        height: 100%;
        max-height: 100%;
        overflow: hidden;
        line-height: 1.6em;
        letter-spacing: 0.5px;
        padding: 1em .625em;
        border-bottom: 1px solid #D6D6D6;
    }
  </style><style type="text/css">.fancybox-margin{margin-right:15px;}</style></head>
<body class="sales " style="padding-top: 0px;"><div id="CybotCookiebotDialog" name="CybotCookiebotDialog" role="dialog" aria-modal="true" aria-labelledby="CybotCookiebotDialogBodyContentTitle" tabindex="-1" lang="lv" dir="ltr" ng-non-bindable="" data-template="bottom" class="CybotEdge CybotMultilevel CybotCookiebotDialogActive" style="display: flex;"><div class="CybotCookiebotDialogContentWrapper"><div id="CybotCookiebotDialogHeader"><div id="CybotCookiebotDialogHeaderLogosWrapper"><div id="CybotCookiebotDialogPoweredbyLink"><img id="CybotCookiebotDialogPoweredbyImage" src="data:image/png;base64,iVBORw0KGgoAAAANSUhEUgAAAC4AAAAuCAYAAABXuSs3AAAAAXNSR0IArs4c6QAAAARnQU1BAACxjwv8YQUAAAAJcEhZcwAADsMAAA7DAcdvqGQAAAYrSURBVGhD7Vd5TNRXEH54tJGa2tqAadUesSb1bmmtWo+iEY9IrfWo1WCtFjXWq6m3QKpyLcciAlaQ2xswgIrlLogI5UZRqxwuoIZDLjmF/e1+nfd2FWmh8Q9I+sfvS1523zEz38ybmbfLZMiQIUOGDBkyZMjohFar3dRXQ7LdRZ8d/1rvjcFAKK7qQEm1Gg8btHyKVg2tVXaI9eoWsfQcFU20R2f5XhfUVAAB7voJ4UIgYLkYpOq5/mfgukuq1Kho1M0bSRU/w0dtm27tGUrrNEL2/uNOeQ52Kb0EbLIj2ExXDP7qGBqan8JsbzjYFCcxZu4I1R8FClQ1eGWuO9gMF7BPHWATmKbbKC2BZvZ4SEYM2px0aJNjIQ2imAS6wC1BBWZiL2TuPqhDUOxtIcvnw5afQFNrB6ZuOw82lexNVmDhgUidTkLk9WKwabRO3NjnCpxO+Eu/Q8RDkgtpkYibKmEw7yjCrhbCaLkP2CylEDLbE64/CnznEA32mQMMyUGubPS6YIg4XAiGZMwgjXkDGtOxkMYOhWarBaBVw/Z8jo6omTuqG1rhGZmvC9SXSgwy90L4tWIMXkz6yD6bqsDSQ1HCFr97k5/OCQ7C3pSuTjHvyzeFt5ysgdlRLLKKRP/5HjCmaHChJb9eFgfzSx6jHxkzXOiJM4l3MXSZN9gXzrhaVAdUlkEyGQ5p3FuQRvaHZvUCIcOxxydF5+wiLzS3tuNgcLrQO3SZDwYs8IC59UVh13gF2SPiaxQxQo4HkDv8wZpAnIy/A4PZbnh1gSfKqnT5xazpujmBFYej0I8ibkCRefMbbywi77jgGqdYcdDc5pLwuh85NW17CAaSA/ymLJVxYl+rsII0nKL+0RBo5k4EmnQGNh1JEMSHLDmOpx0SLN3i6TZdsfRgFBilnQENTno+T89P7LHDK0nIjbU8KQI6ePFvmMJTiacopYsyLFfsMwvHGJFvTuez8Bq/kukumPFzKLZ4/AE2/hD2+19HfvFjXV7POYK3V/rSbfjg9a+Pi3QysjiF2tw8YN5ESBOMBHHp3QHQOlkJAyvtdOllROTa2tW6+iE93B6POJvuLNbWu8aBjTsE59BsXEgp0qUvBXHEKj9hz9Ccc3OGyeazQi8bvTYI7GNbUQhvcDKjrLHX9xo28kiN2IfvnWIwmefaKBuMXOWP2sY2EbnwVCqcCYfB5vug8AfKZz834EY2pInGkN4bCM2YIUBmEmbZUGA+tMEgSpWaJ214hxznpC6lleiIj7aB3ZkMrLInB98/gG/trmAYTxuSMd0ZhpanamFPQY6yMQfBJtki424lmGdEHhxJsKK2GYExt2Hnn4rCh/WIyy6FPaVRQPQtKM5lwj4oDQk5ZcJbDh4955AsuNBoUqn0q5Qy2emQ5kyAxpA6zPKZiEotgl1QOo5dzMeTlnYqzjyhr7K+BT5UX/YBaSitfALe3eyD0+ARkQu70xnC3o3iar1WKqO6FjjSul3AdWTfq4Lo472O+jpoHa2hsdpKk679t7fQN8RfhIY/Qb2PHokXPapHh1rSzyAepjtltfpZV/Cz+fprVVU0oJAempdFWsEjNFIKJeaV61deDt0Sb2untqWMRzsVRXl1I8KS7lHOlyE2s1Tsp9x8iBj6zgs1OlMFZWgOnChvy6nH+l8pgDIkW5y7T07wfsxzmOclJ7ffLxWptx4hOkOFxNxynI67gwgq9N3eKcgtrMJu6vuxWaXC+dulNUJPd+iWuIoMbfNMEhHnD8haehRWU9Vfpk7Q0NyOufSarnOOg4VDDNbT52b3RJj+EgZfIr3laKLo3Rw7va9Sf47Ajy5x4l2wPfUnraVgF+ncTv16n28qdp+4hh3HkjFpwykhv5Xs8g6ynmS4Ez2hW+I8Qhtd43El/b4QtqbKdzybKaJwj4bf7wUIoVuwoh7vFpYjDPLfLYpzWdigTIAXPescvGuE0k8KJZ3hziXnP4A9dQZX6tVV1FWc9QS9Im+IiPOu5kK35RN1E8voxT5Jt9ETesxx3u5aafwT9JNS/00Hfu4Z1FLPhdih1u1Jmk55rfhF0gmJ5DUv7P8XeiT+f0ef/pHoy6H/HyRDhgwZMmTIkCFDBmPsb+KKjJBLyPWQAAAAAElFTkSuQmCC" alt="logotipas"></div><a href="https://www.cookiebot.com/en/what-is-behind-powered-by-cookiebot/" rel="noopener nofollow" target="_blank" id="CybotCookiebotDialogPoweredbyCybot" aria-label="Usercentrics Cookiebot - opens in a new window"><svg viewBox="0 0 843 248" aria-hidden="true" xmlns="http://www.w3.org/2000/svg"><path d="M249.651 182.059C246.815 181.906 243.999 182.606 241.573 184.067C239.147 185.528 237.225 187.681 236.06 190.244H235.469V167.003H226.162V229.564H235.174V222.256H235.912C237.11 224.825 239.06 226.979 241.51 228.439C243.959 229.898 246.796 230.596 249.651 230.441C261.174 230.441 269.447 221.379 269.447 206.177C269.447 190.975 261.174 182.059 249.651 182.059ZM247.731 222.694C239.753 222.694 235.321 215.97 235.321 206.031C235.321 196.091 239.606 189.659 247.731 189.659C256.151 189.659 260.288 196.676 260.288 206.031C260.288 215.386 256.004 222.694 247.731 222.694Z"></path><path d="M294.854 219.182H294.411L282.445 182.786H272.547L289.979 230.291L288.797 233.361C286.433 239.646 283.183 240.085 278.013 238.769L275.797 246.224C277.841 246.916 279.989 247.262 282.149 247.247C289.831 247.247 294.559 243.3 297.366 235.846L316.866 182.64H306.968L294.854 219.182Z"></path><path d="M385.555 207.488C385.555 215.966 379.646 222.105 370.044 222.105C360.441 222.105 354.532 215.966 354.532 207.488V167.145H344.93V208.365C344.93 221.52 354.828 230.875 370.044 230.875C385.26 230.875 395.158 221.52 395.158 208.365V167.145H385.555V207.488Z"></path><path d="M429.594 203.412L422.06 201.658C416.89 200.489 414.526 198.735 414.674 195.519C414.674 191.865 418.662 189.38 423.833 189.38C429.594 189.38 432.254 192.596 433.288 195.665L441.708 194.203C439.788 186.895 434.026 182.071 423.833 182.071C413.049 182.071 405.514 187.626 405.514 195.958C405.514 202.681 409.651 207.067 418.515 208.967L426.492 210.721C431.072 211.744 433.14 213.79 433.14 216.714C433.14 220.368 429.151 223.145 423.094 223.145C417.628 223.145 414.083 220.807 412.901 216.129L404.037 217.445C405.514 225.776 412.605 230.454 423.242 230.454C434.765 230.454 442.595 224.461 442.595 215.983C442.595 209.405 438.311 205.312 429.594 203.412Z"></path><path d="M470.358 182.071C457.062 182.071 448.494 192.011 448.494 206.482C448.494 220.953 457.062 230.6 471.097 230.6C481.438 230.6 488.824 225.484 490.892 217.883L482.176 216.275C480.551 220.66 476.563 222.999 471.244 222.999C463.267 222.999 457.949 217.883 457.801 208.821H491.483V205.605C491.336 188.649 481.142 182.071 470.358 182.071ZM457.653 202.097C458.097 195.373 462.972 189.672 470.358 189.672C477.744 189.672 482.176 194.934 482.324 202.097H457.653Z"></path><path d="M508.912 190.117H508.469V182.663H499.605V229.583H508.912V200.934C508.912 194.795 513.64 190.41 520.288 190.41C521.932 190.383 523.572 190.58 525.163 190.994V182.224C523.837 182.097 522.505 182.048 521.174 182.078C518.527 181.93 515.903 182.634 513.694 184.082C511.484 185.531 509.807 187.648 508.912 190.117Z"></path><path d="M549.091 189.818C551.519 189.708 553.908 190.456 555.83 191.929C557.752 193.402 559.081 195.504 559.58 197.858H568.592C567.557 188.357 559.728 182.071 548.943 182.071C535.5 182.071 526.932 192.011 526.932 206.336C526.932 220.66 535.205 230.6 549.091 230.6C560.319 230.6 567.557 223.876 568.592 214.814H559.58C559.106 217.18 557.784 219.298 555.856 220.775C553.928 222.253 551.526 222.991 549.091 222.853C541.261 222.853 536.239 216.421 536.239 206.189C536.239 195.958 541.261 189.818 549.091 189.818Z"></path><path d="M596.077 182.071C582.929 182.071 574.213 192.011 574.213 206.482C574.213 220.953 582.781 230.6 596.816 230.6C607.157 230.6 614.543 225.484 616.612 217.883L607.895 216.275C606.27 220.66 602.282 222.999 596.963 222.999C588.986 222.999 583.815 217.883 583.52 208.821H617.203V205.605C617.055 188.649 606.861 182.071 596.077 182.071ZM583.372 202.097C583.815 195.373 588.69 189.672 596.077 189.672C603.464 189.672 607.896 194.934 608.043 202.097H583.372Z"></path><path d="M648.673 182.071C641.582 182.071 636.854 185.287 634.638 190.257H634.047V182.656H625.184V229.577H634.491V201.658C634.491 194.204 639.07 189.818 645.57 189.818C651.775 189.818 655.616 193.911 655.616 200.635V229.431H664.923V199.612C664.775 188.21 658.275 182.071 648.673 182.071Z"></path><path d="M692.999 222.117C690.044 222.117 687.385 221.094 687.385 215.832V189.959H697.135V182.651H687.385V171.396H678.078V182.651H671.135V189.959H678.078V217.732C678.078 226.21 684.578 230.449 691.965 230.302C694.03 230.338 696.085 229.991 698.021 229.279L696.396 221.678C695.285 221.957 694.145 222.104 692.999 222.117V222.117Z"></path><path d="M714.571 190.117H714.127V182.663H705.264V229.583H714.571V200.934C714.571 194.795 719.298 190.41 725.945 190.41C727.59 190.383 729.23 190.58 730.821 190.994V182.224C729.495 182.097 728.163 182.048 726.832 182.078C724.185 181.93 721.561 182.634 719.352 184.082C717.142 185.531 715.465 187.648 714.571 190.117V190.117Z"></path><path d="M741.007 164.516C739.502 164.472 738.04 165.014 736.935 166.025C735.83 167.036 735.171 168.436 735.098 169.924C735.122 170.664 735.295 171.393 735.606 172.066C735.918 172.74 736.361 173.346 736.911 173.849C737.46 174.352 738.105 174.742 738.808 174.997C739.512 175.251 740.259 175.365 741.007 175.332C741.758 175.387 742.513 175.288 743.224 175.041C743.935 174.794 744.587 174.404 745.139 173.897C745.692 173.389 746.132 172.774 746.433 172.091C746.734 171.407 746.89 170.67 746.89 169.924C746.89 169.178 746.734 168.441 746.433 167.757C746.132 167.073 745.692 166.459 745.139 165.951C744.587 165.444 743.935 165.054 743.224 164.807C742.513 164.56 741.758 164.461 741.007 164.516V164.516Z"></path><path d="M745.739 182.64H736.432V229.56H745.739V182.64Z"></path><path d="M775.853 189.818C778.281 189.708 780.67 190.456 782.591 191.929C784.513 193.402 785.842 195.504 786.341 197.858H795.353C794.319 188.357 786.489 182.071 775.705 182.071C762.262 182.071 753.693 192.011 753.693 206.336C753.693 220.66 761.966 230.6 775.853 230.6C787.08 230.6 794.319 223.876 795.353 214.814H786.341C785.868 217.18 784.545 219.298 782.617 220.775C780.69 222.253 778.287 222.991 775.853 222.853C768.023 222.853 763 216.421 763 206.189C763 195.958 768.171 189.818 775.853 189.818Z"></path><path d="M826.532 203.412L818.998 201.658C813.827 200.489 811.463 198.735 811.611 195.519C811.611 191.865 815.6 189.38 820.771 189.38C826.532 189.38 829.191 192.596 830.225 195.665L838.646 194.203C836.725 186.895 830.964 182.071 820.771 182.071C809.986 182.071 802.452 187.626 802.452 195.958C802.452 202.681 806.588 207.067 815.452 208.967L823.43 210.721C828.009 211.744 830.078 213.79 830.078 216.714C830.078 220.368 826.089 223.145 820.032 223.145C814.566 223.145 811.02 220.807 809.838 216.129L800.975 217.445C802.452 225.776 809.543 230.454 820.18 230.454C831.703 230.454 839.532 224.461 839.532 215.983C839.532 209.405 835.248 205.312 826.532 203.412Z"></path><path d="M428.098 136.595L388.359 84.2654L426.916 40.5603H395.45L359.108 83.6807V4.01758H333.551V136.741H359.108V112.184L370.483 100.198L396.041 136.741H428.098V136.595Z"></path><path d="M444.939 30.9215H445.382C449.435 30.8502 453.301 29.2257 456.167 26.3901C459.032 23.5545 460.674 19.7292 460.746 15.7197C460.674 11.7103 459.032 7.88492 456.167 5.04934C453.301 2.21377 449.435 0.589264 445.382 0.517951C441.375 0.490103 437.518 2.02279 434.644 4.78502C431.769 7.54725 430.108 11.3174 430.019 15.2812V15.7197C429.979 17.6899 430.335 19.6482 431.066 21.4814C431.796 23.3146 432.887 24.9863 434.274 26.3999C435.662 27.8135 437.319 28.941 439.149 29.7171C440.98 30.4932 442.948 30.9026 444.939 30.9215V30.9215Z"></path><path d="M432.086 137.925H456.905V41.7441H432.086V137.925Z"></path><path d="M794.165 113.808C794.165 131.495 803.767 140.411 821.642 140.411C829.047 140.746 836.374 138.806 842.62 134.857L837.597 115.855C834.995 117.617 831.883 118.489 828.733 118.34H828.142C825.606 117.97 823.317 116.629 821.77 114.606C820.222 112.583 819.54 110.039 819.87 107.523V63.964H839.665V41.8922H819.87V15.2891H794.312V41.8922H778.357V63.964H794.312V113.808H794.165Z"></path><path d="M601.247 125.337C604.819 129.867 609.393 133.526 614.617 136.035C619.841 138.543 625.577 139.834 631.384 139.808C655.611 139.808 674.225 121.537 674.225 89.233C674.225 57.66 655.759 38.6578 631.384 38.6578C625.58 38.6472 619.849 39.9448 614.627 42.4522C609.406 44.9595 604.83 48.6107 601.247 53.1287V3.86914H575.689V136.592H601.247V125.337ZM601.247 72.131C603.744 68.7245 607.003 65.9359 610.771 63.9834C614.538 62.0308 618.711 60.9672 622.963 60.8758C637.588 60.8758 647.191 72.131 647.191 88.6483C647.191 105.166 637.588 116.421 622.963 116.421C618.752 116.364 614.608 115.361 610.846 113.487C607.084 111.613 603.801 108.918 601.247 105.604V72.131Z"></path><path d="M533.583 111.188C528.083 114.821 521.394 116.253 514.868 115.195C508.341 114.137 502.464 110.667 498.423 105.487L560.47 70.1137L557.959 65.1439C542.004 38.1023 514.526 29.0397 489.56 43.0721C488.821 43.5106 488.082 43.9491 487.491 44.3876C481.985 47.7516 477.206 52.1599 473.428 57.3587C469.651 62.5575 466.95 68.4442 465.481 74.6799C464.012 80.9157 463.803 87.3773 464.868 93.693C465.933 100.009 468.249 106.054 471.684 111.48C472.423 112.796 473.162 113.965 473.753 115.134C477.248 120.525 481.785 125.181 487.102 128.835C492.419 132.488 498.412 135.068 504.739 136.426C511.065 137.784 517.6 137.893 523.97 136.748C530.339 135.602 536.417 133.225 541.856 129.751C554.233 123.118 563.817 112.339 568.891 99.3479L551.015 90.5776C547.936 99.3191 541.737 106.648 533.583 111.188ZM499.753 60.1741C499.901 60.0279 500.049 60.0279 500.196 59.8817C502.689 58.3111 505.473 57.2495 508.386 56.7594C511.299 56.2693 514.282 56.3607 517.159 57.028C520.036 57.6954 522.749 58.9253 525.138 60.6454C527.527 62.3655 529.545 64.5411 531.072 67.0441L490.151 90.5776C487.573 85.247 487.131 79.1486 488.912 73.5083C490.693 67.868 494.567 63.104 499.753 60.1741V60.1741Z"></path><path d="M122.747 125.073C117.827 130.28 111.88 134.432 105.273 137.273C98.6668 140.114 91.5411 141.584 84.3374 141.59C70.0953 141.552 56.4521 135.916 46.4091 125.925C36.3661 115.933 30.7461 102.403 30.7852 88.3111C30.8244 74.2193 36.5196 60.7201 46.618 50.7831C56.7164 40.8461 70.3907 35.2853 84.6328 35.3241C98.6314 35.3093 112.068 40.7741 122.009 50.5259C128.016 42.2847 135.914 35.5718 145.054 30.939C133.725 18.5119 118.836 9.79775 102.373 5.9589C85.9098 2.12005 68.655 3.33893 52.9099 9.45299C37.1648 15.567 23.6779 26.2856 14.2481 40.1792C4.81822 54.0727 -0.106318 70.4807 0.131255 87.2148C-0.0261505 109.171 8.62812 130.291 24.1941 145.94C39.7602 161.588 60.9657 170.485 83.1555 170.678H83.7464C95.4187 170.591 106.949 168.132 117.621 163.456C128.294 158.779 137.883 151.984 145.793 143.491C136.936 138.95 129.097 132.686 122.747 125.073V125.073Z"></path><path d="M170.624 36.9093C157.088 37.0838 144.175 42.5718 134.728 52.1661C125.281 61.7605 120.072 74.6752 120.248 88.0691C120.425 101.463 125.971 114.239 135.668 123.587C145.365 132.934 158.417 138.088 171.954 137.913C172.102 137.913 172.102 137.913 172.102 138.06C185.533 137.921 198.362 132.52 207.776 123.04C217.191 113.56 222.425 100.775 222.33 87.4845V86.7536C222.259 80.1169 220.863 73.5595 218.223 67.458C215.583 61.3566 211.751 55.8314 206.946 51.1998C202.141 46.5682 196.459 42.9214 190.226 40.469C183.993 38.0166 177.332 36.8069 170.624 36.9093ZM171.954 113.795C164.854 113.697 158.073 110.863 153.052 105.895C148.031 100.927 145.166 94.2171 145.067 87.1921C145.067 81.9305 146.644 76.7871 149.598 72.4122C152.553 68.0374 156.752 64.6276 161.665 62.614C166.578 60.6005 171.984 60.0737 177.199 61.1002C182.415 62.1267 187.206 64.6604 190.966 68.3809C194.726 72.1014 197.287 76.8416 198.324 82.0021C199.362 87.1626 198.829 92.5116 196.794 97.3727C194.759 102.234 191.313 106.389 186.892 109.312C182.47 112.235 177.272 113.795 171.954 113.795V113.795Z"></path><path d="M276.685 36.9093C269.982 36.9957 263.362 38.3875 257.203 41.0053C251.044 43.623 245.466 47.4155 240.788 52.1661C231.341 61.7605 226.133 74.6752 226.309 88.0691C226.485 101.463 232.032 114.239 241.729 123.587C251.425 132.934 264.478 138.088 278.015 137.913C278.162 137.913 278.162 137.913 278.162 138.06C291.594 137.921 304.422 132.52 313.837 123.04C323.252 113.56 328.485 100.775 328.39 87.4845V86.7536C328.319 80.1169 326.924 73.5595 324.284 67.458C321.643 61.3566 317.811 55.8314 313.006 51.1998C308.202 46.5682 302.52 42.9214 296.287 40.469C290.054 38.0166 283.392 36.8069 276.685 36.9093V36.9093ZM278.015 113.795C270.908 113.719 264.113 110.892 259.088 105.919C254.062 100.947 251.204 94.2241 251.128 87.1921C251.128 81.9305 252.705 76.7871 255.659 72.4122C258.613 68.0374 262.812 64.6276 267.725 62.614C272.638 60.6005 278.044 60.0737 283.26 61.1002C288.475 62.1267 293.266 64.6604 297.026 68.3809C300.787 72.1014 303.347 76.8416 304.385 82.0021C305.422 87.1626 304.89 92.5116 302.855 97.3727C300.82 102.234 297.374 106.389 292.952 109.312C288.531 112.235 283.332 113.795 278.015 113.795V113.795Z"></path><path d="M729.639 137.91C736.297 137.885 742.885 136.56 749.024 134.009C755.163 131.459 760.733 127.734 765.413 123.049C770.094 118.363 773.793 112.809 776.299 106.706C778.805 100.602 780.067 94.0688 780.015 87.4811V86.7502C779.883 76.7631 776.76 67.039 771.043 58.8076C765.325 50.5763 757.269 44.2072 747.893 40.5059C738.517 36.8045 728.243 35.9371 718.369 38.0133C708.495 40.0895 699.464 45.016 692.42 52.17C685.376 59.3239 680.633 68.384 678.793 78.2046C676.953 88.0252 678.097 98.1652 682.08 107.343C686.064 116.52 692.709 124.322 701.174 129.763C709.639 135.204 719.545 138.039 729.639 137.91V137.91ZM730.377 60.7318C737.508 60.7318 744.347 63.5346 749.389 68.5237C754.432 73.5127 757.264 80.2793 757.264 87.3349C757.264 94.3905 754.432 101.157 749.389 106.146C744.347 111.135 737.508 113.938 730.377 113.938C723.247 113.938 716.408 111.135 711.366 106.146C706.323 101.157 703.491 94.3905 703.491 87.3349C703.491 80.2793 706.323 73.5127 711.366 68.5237C716.408 63.5346 723.247 60.7318 730.377 60.7318Z"></path></svg></a></div></div><div id="CybotCookiebotDialogNav" class="CybotCookiebotScrollAreaSide"><div class="CybotCookiebotFader CybotCookiebotFaderLeft" style="background-image: linear-gradient(to right, rgb(255, 255, 255), rgba(255, 255, 255, 0.8), rgba(255, 255, 255, 0));"></div><div class="CybotCookiebotFader CybotCookiebotFaderRight" style="background-image: linear-gradient(to left, rgb(255, 255, 255), rgba(255, 255, 255, 0.8), rgba(255, 255, 255, 0));"></div><ul id="CybotCookiebotDialogNavList" class="CybotCookiebotDialogNavItems" role="tablist"><li class="CybotCookiebotDialogNavItem" role="presentation"><a id="CybotCookiebotDialogNavDeclaration" class="CybotCookiebotDialogNavItemLink CybotCookiebotDialogActive" href="#" data-target="CybotCookiebotDialogBody" tabindex="0" role="tab" aria-selected="false" lang="lv">Piekrišana</a></li><li class="CybotCookiebotDialogNavItem" role="presentation"><a id="CybotCookiebotDialogNavDetails" class="CybotCookiebotDialogNavItemLink" href="#" data-target="CybotCookiebotDialogTabContentDetails" tabindex="0" role="tab" aria-selected="false" lang="lv">Sīkāka informācija</a></li><li id="CybotCookiebotDialogNavItemAdSettings" class="CybotCookiebotDialogNavItem CybotCookiebotDialogHide" role="presentation"><a id="CybotCookiebotDialogNavAdSettings" class="CybotCookiebotDialogNavItemLink" href="#" data-target="CybotCookiebotDialogDetailBodyContentTextIABv2" tabindex="0" role="tab" aria-selected="false" lang="lv">[#IABV2SETTINGS#]</a></li><li class="CybotCookiebotDialogNavItem" role="presentation"><a id="CybotCookiebotDialogNavAbout" class="CybotCookiebotDialogNavItemLink" href="#" data-target="CybotCookiebotDialogDetailBodyContentTextAbout" tabindex="0" role="tab" aria-selected="false" lang="lv">Par</a></li></ul></div><div id="CybotCookiebotDialogTabContent"><div id="CybotCookiebotDialogBody" class="CybotCookiebotDialogTabPanel" role="tabpanel" aria-labelledby="CybotCookiebotDialogNavDeclaration" lang="lv"><div class="CybotCookiebotScrollContainer"><div id="CybotCookiebotDialogBodyContent" class="CybotCookiebotScrollArea"><div class="CybotCookiebotFader" style="background-image: linear-gradient(to top, rgb(255, 255, 255), rgba(255, 255, 255, 0.8), rgba(255, 255, 255, 0));"></div><div id="CybotCookiebotDialogBodyContentTitle" class="CybotCookiebotDialogBodyContentHeading" lang="lv" role="heading" aria-level="2">Šī tīmekļa vietne izmanto sīkfailus</div><div id="CybotCookiebotDialogBodyContentText" lang="lv">Mēs izmantojam sīkfailus, lai personalizētu saturu un reklāmas, nodrošinātu sociālo saziņas līdzekļu funkcijas un analizētu mūsu datplūsmu. Informāciju par to, kā jūs izmantojat mūsu vietni, mēs arī kopīgojam ar saviem sociālās saziņas līdzekļu, reklamēšanas un analīzes partneriem, kuri to var apvienot ar citu informāciju, ko viņiem sniedzat vai ko viņi apkopo, kad lietojat viņu pakalpojumus. Uzzini vairāk <a href="https://www.maxima.lv/privatuma-politika-2" style="">Privātuma politikā</a> un <a href="https://www.maxima.lv/privatuma-politika-2" style="">Sīkdatņu politikā</a>. Savu izvēli jebkurā laikā varēsi mainīt, aktivizējot saiti&nbsp; Sīkdatņu deklarēšana. Lietojot šo vietni Jūs apstiprināt, ka sīkdatnes var tikt uzturētas arī ārpus Eiropas Savienības.</div></div><div class="CybotCookiebotScrollbarContainer"></div></div><div class="CybotCookiebotDialogBodyBottomWrapper"><div id="CybotCookiebotDialogBodyLevelWrapper"><div id="CybotCookiebotDialogBodyLevelButtons"><div id="CybotCookiebotDialogBodyLevelButtonsTable"><div id="CybotCookiebotDialogBodyLevelButtonsRow"><div id="CybotCookiebotDialogBodyLevelButtonsSelectPane"><fieldset><legend class="visuallyhidden">Consent Selection</legend><div id="CybotCookiebotDialogBodyFieldsetInnerContainer"><div class="CybotCookiebotDialogBodyLevelButtonWrapper"><label class="CybotCookiebotDialogBodyLevelButtonLabel" for="CybotCookiebotDialogBodyLevelButtonNecessary"><strong class="CybotCookiebotDialogBodyLevelButtonDescription">Obligātās</strong></label><div class="CybotCookiebotDialogBodyLevelButtonSliderWrapper CybotCookiebotDialogBodyLevelButtonSliderWrapperDisabled"><input type="checkbox" id="CybotCookiebotDialogBodyLevelButtonNecessary" class="CybotCookiebotDialogBodyLevelButton CybotCookiebotDialogBodyLevelButtonDisabled" disabled="disabled" checked="checked"> <span class="CybotCookiebotDialogBodyLevelButtonSlider"></span></div></div><div class="CybotCookiebotDialogBodyLevelButtonWrapper"><label class="CybotCookiebotDialogBodyLevelButtonLabel" for="CybotCookiebotDialogBodyLevelButtonPreferences"><strong class="CybotCookiebotDialogBodyLevelButtonDescription"> Funkcionalitāte</strong></label><div class="CybotCookiebotDialogBodyLevelButtonSliderWrapper"><input type="checkbox" id="CybotCookiebotDialogBodyLevelButtonPreferences" class="CybotCookiebotDialogBodyLevelButton CybotCookiebotDialogBodyLevelConsentCheckbox" data-target="CybotCookiebotDialogBodyLevelButtonPreferencesInline" checked="checked" tabindex="0"> <span class="CybotCookiebotDialogBodyLevelButtonSlider"></span></div></div><div class="CybotCookiebotDialogBodyLevelButtonWrapper"><label class="CybotCookiebotDialogBodyLevelButtonLabel" for="CybotCookiebotDialogBodyLevelButtonStatistics"><strong class="CybotCookiebotDialogBodyLevelButtonDescription">Analītiskās</strong></label><div class="CybotCookiebotDialogBodyLevelButtonSliderWrapper"><input type="checkbox" id="CybotCookiebotDialogBodyLevelButtonStatistics" class="CybotCookiebotDialogBodyLevelButton CybotCookiebotDialogBodyLevelConsentCheckbox" data-target="CybotCookiebotDialogBodyLevelButtonStatisticsInline" checked="checked" tabindex="0"> <span class="CybotCookiebotDialogBodyLevelButtonSlider"></span></div></div><div class="CybotCookiebotDialogBodyLevelButtonWrapper"><label class="CybotCookiebotDialogBodyLevelButtonLabel" for="CybotCookiebotDialogBodyLevelButtonMarketing"><strong class="CybotCookiebotDialogBodyLevelButtonDescription">Reklāmas</strong></label><div class="CybotCookiebotDialogBodyLevelButtonSliderWrapper"><input type="checkbox" id="CybotCookiebotDialogBodyLevelButtonMarketing" class="CybotCookiebotDialogBodyLevelButton CybotCookiebotDialogBodyLevelConsentCheckbox" data-target="CybotCookiebotDialogBodyLevelButtonMarketingInline" checked="checked" tabindex="0"> <span class="CybotCookiebotDialogBodyLevelButtonSlider"></span></div></div></div></fieldset></div></div></div></div></div><div id="CybotCookiebotDialogBodyEdgeMoreDetails"><a id="CybotCookiebotDialogBodyEdgeMoreDetailsLink" href="#" class="">Rādīt detalizēti</a></div></div></div><div class="CybotCookiebotScrollContainer CybotCookiebotDialogHide"><div id="CybotCookiebotDialogTabContentDetails" class="CybotCookiebotDialogTabPanel CybotCookiebotDialogHide CybotCookiebotScrollArea" role="tabpanel" aria-labelledby="CybotCookiebotDialogNavDetails" lang="lv"><div class="CybotCookiebotFader" style="background-image: linear-gradient(to top, rgb(255, 255, 255), rgba(255, 255, 255, 0.8), rgba(255, 255, 255, 0));"></div><div class="CybotCookiebotDialogSROnly" role="heading" aria-level="2">Sīkāka informācija</div><div id="CybotCookiebotDialogDetailBody"><div id="CybotCookiebotDialogDetailBodyContent"><div id="CybotCookiebotDialogDetailBodyContentTextOverview" lang="lv"><div id="CybotCookiebotDialogDetailBodyContentCookieContainer"><ul id="CybotCookiebotDialogDetailBodyContentCookieContainerTypes" style="list-style-type: none;"><li class="CookieCard"><div id="CybotCookiebotDialogDetailBodyContentCookieContainerNecessaryCard"><div class="CybotCookiebotDialogDetailBodyContentCookieContainerHeader"><button id="CybotCookiebotDialogDetailBodyContentCookieContainerNecessary" class="CybotCookiebotDialogDetailBodyContentCookieContainerButton CybotCookiebotDialogCollapsed" lang="lv" data-target="CybotCookiebotDialogDetailBodyContentCookieTabsNecessary" aria-label="Obligātās (20)" aria-controls="CybotCookiebotDialogDetailBodyContentCookieTabsNecessary" aria-expanded="false"><span id="CybotCookiebotDialogBodyLevelButtonNecessaryInlineLabel">Obligātās </span> <span class="CybotCookiebotDialogDetailBulkConsentCount">20</span></button><div class="CybotCookiebotDialogBodyLevelButtonSliderWrapper CybotCookiebotDialogBodyLevelButtonSliderWrapperDisabled"><div role="group" class="CybotCookiebotDialogBodyLevelButtonSliderWrapperFullWidth"><input type="checkbox" id="CybotCookiebotDialogBodyLevelButtonNecessaryInline" aria-labelledby="CybotCookiebotDialogBodyLevelButtonNecessaryInlineLabel" class="CybotCookiebotDialogBodyLevelButton CybotCookiebotDialogBodyLevelButtonDisabled" disabled="disabled" checked="checked"> <span class="CybotCookiebotDialogBodyLevelButtonSlider"></span></div></div></div><div class="CybotCookiebotDialogDetailBodyContentCookieTypeIntro"><p style="">Obligātās sīkdatnes, kas ir nepieciešamas mūsu Vietnes darbībai; bez šādām sīkdatnēm nevarētu notikt sadarbība starp Apmeklētāja ierīci un mūsu Vietni (t.i., tīmekļa pārlūkprogramma nevarētu piekļūt mūsu Vietnes saturam), kā rezultātā tiesiskais pamats datu apstrādei ir līgumsaistību izpilde ar Apmeklētāju un mūsu leģitīmo interešu nodrošināšana, piemēram, saglabāt pierādījumus, ja ir notikusi ļaunatūru izplatīšana u.tml.</p><p style="">Lietojot šo vietni Jūs apstiprināt, ka sīkdatnes var tikt uzturētas arī ārpus Eiropas Savienības.</p></div><div id="CybotCookiebotDialogDetailBodyContentCookieTabsNecessary" class="CollapseCard CybotCookiebotDialogHide" aria-labelledby="CybotCookiebotDialogDetailBodyContentCookieContainerNecessaryCard"><div class="CybotCookiebotDialogDetailBodyContentCookieTypeTableContainer"><ul class="CybotCookiebotDialogDetailBodyContentCookieTabContent" style="list-style-type: none;"><li class="CybotCookiebotDialogDetailBodyContentCookieGroup"><a class="CybotCookiebotDialogDetailBodyContentCookieProvider CybotCookiebotDialogCollapsed" role="button" aria-expanded="false" href="#">Cookiebot<div class="CybotCookiebotDialogDetailBodyContentCookieInfoCount CybotCookiebotDialogDetailBulkConsentCount">1</div></a><a class="CybotCookiebotDialogDetailBodyContentCookieLink" target="_blank" rel="noopener noreferrer nofollow" aria-label="Uzņēmuma Cookiebot konfidencialitātes politika - opens in a new window" href="https://www.cookiebot.com/goto/privacy-policy/" title="Uzņēmuma Cookiebot konfidencialitātes politika">Uzzināt vairāk par šo pakalpojumu sniedzēju<img class="CybotExternalLinkArrow" src="data:image/png;base64,iVBORw0KGgoAAAANSUhEUgAAABIAAAASCAYAAABWzo5XAAAACXBIWXMAAAsTAAALEwEAmpwYAAAAAXNSR0IArs4c6QAAAARnQU1BAACxjwv8YQUAAAC6SURBVHgBpdTdCcMgEAdwT/vk04EOkBG6QifpHH3rCF2hk3SVvBaEuoDYu4IgRRMv/iEkD/Hn+QnOuatS6gEAqDoJIQC/vfe594+m576FjAZKL6XXkSDiYox5UQFLXZEoNZJzXg9B/0hK6SKGWkiMcRVBewjnNIuURdIzyFBFo0jZPnoGqaMbCEqRJkSNIiFPCfILj7F1GLkySfvuqnFlShDxWesF6D76zF4jPJ/GWvum7/NRjBCegtsXQuuTY/odOJIAAAAASUVORK5CYII=" alt=""></a><div class="CybotCookiebotDialogDetailBodyContentCookieInfoWrapper CybotCookiebotDialogHide"><div class="CybotCookiebotDialogDetailBodyContentCookieInfo"><strong class="CybotCookiebotDialogDetailBodyContentCookieInfoTitle">CookieConsent</strong><span class="CybotCookiebotDialogDetailBodyContentCookieInfoDescription">Saglabā lietotāja sīkfailu piekrišanas statusu pašreizējam domēnam</span><div class="CybotCookiebotDialogDetailBodyContentCookieInfoFooter"><span class="CybotCookiebotDialogDetailBodyContentCookieInfoFooterContent"><b>Maksimālais uzglabāšanas ilgums</b>: 1 gads</span><span class="CybotCookiebotDialogDetailBodyContentCookieInfoFooterContent"><b>Veids</b>: HTTP sīkfails</span></div></div></div></li><li class="CybotCookiebotDialogDetailBodyContentCookieGroup"><a class="CybotCookiebotDialogDetailBodyContentCookieProvider CybotCookiebotDialogCollapsed" role="button" aria-expanded="false" href="#">Crimtan<div class="CybotCookiebotDialogDetailBodyContentCookieInfoCount CybotCookiebotDialogDetailBulkConsentCount">1</div></a><a class="CybotCookiebotDialogDetailBodyContentCookieLink" target="_blank" rel="noopener noreferrer nofollow" aria-label="Uzņēmuma Crimtan konfidencialitātes politika - opens in a new window" href="https://crimtan.com/privacy/" title="Uzņēmuma Crimtan konfidencialitātes politika">Uzzināt vairāk par šo pakalpojumu sniedzēju<img class="CybotExternalLinkArrow" src="data:image/png;base64,iVBORw0KGgoAAAANSUhEUgAAABIAAAASCAYAAABWzo5XAAAACXBIWXMAAAsTAAALEwEAmpwYAAAAAXNSR0IArs4c6QAAAARnQU1BAACxjwv8YQUAAAC6SURBVHgBpdTdCcMgEAdwT/vk04EOkBG6QifpHH3rCF2hk3SVvBaEuoDYu4IgRRMv/iEkD/Hn+QnOuatS6gEAqDoJIQC/vfe594+m576FjAZKL6XXkSDiYox5UQFLXZEoNZJzXg9B/0hK6SKGWkiMcRVBewjnNIuURdIzyFBFo0jZPnoGqaMbCEqRJkSNIiFPCfILj7F1GLkySfvuqnFlShDxWesF6D76zF4jPJ/GWvum7/NRjBCegtsXQuuTY/odOJIAAAAASUVORK5CYII=" alt=""></a><div class="CybotCookiebotDialogDetailBodyContentCookieInfoWrapper CybotCookiebotDialogHide"><div class="CybotCookiebotDialogDetailBodyContentCookieInfo"><strong class="CybotCookiebotDialogDetailBodyContentCookieInfoTitle">cid</strong><span class="CybotCookiebotDialogDetailBodyContentCookieInfoDescription">Šis sīkfails ir nepieciešams, lai vietnē veiktu kredītkartes darījumus. Pakalpojumu nodrošina Stripe.com, kas ļauj veikt tiešsaistes darījumus, nesaglabājot kredītkartes informāciju.</span><div class="CybotCookiebotDialogDetailBodyContentCookieInfoFooter"><span class="CybotCookiebotDialogDetailBodyContentCookieInfoFooterContent"><b>Maksimālais uzglabāšanas ilgums</b>: 1 gads</span><span class="CybotCookiebotDialogDetailBodyContentCookieInfoFooterContent"><b>Veids</b>: HTTP sīkfails</span></div></div></div></li><li class="CybotCookiebotDialogDetailBodyContentCookieGroup"><a class="CybotCookiebotDialogDetailBodyContentCookieProvider CybotCookiebotDialogCollapsed" role="button" aria-expanded="false" href="#">Google<div class="CybotCookiebotDialogDetailBodyContentCookieInfoCount CybotCookiebotDialogDetailBulkConsentCount">8</div></a><a class="CybotCookiebotDialogDetailBodyContentCookieLink" target="_blank" rel="noopener noreferrer nofollow" aria-label="Uzņēmuma Google konfidencialitātes politika - opens in a new window" href="https://business.safety.google/privacy/" title="Uzņēmuma Google konfidencialitātes politika">Uzzināt vairāk par šo pakalpojumu sniedzēju<img class="CybotExternalLinkArrow" src="data:image/png;base64,iVBORw0KGgoAAAANSUhEUgAAABIAAAASCAYAAABWzo5XAAAACXBIWXMAAAsTAAALEwEAmpwYAAAAAXNSR0IArs4c6QAAAARnQU1BAACxjwv8YQUAAAC6SURBVHgBpdTdCcMgEAdwT/vk04EOkBG6QifpHH3rCF2hk3SVvBaEuoDYu4IgRRMv/iEkD/Hn+QnOuatS6gEAqDoJIQC/vfe594+m576FjAZKL6XXkSDiYox5UQFLXZEoNZJzXg9B/0hK6SKGWkiMcRVBewjnNIuURdIzyFBFo0jZPnoGqaMbCEqRJkSNIiFPCfILj7F1GLkySfvuqnFlShDxWesF6D76zF4jPJ/GWvum7/NRjBCegtsXQuuTY/odOJIAAAAASUVORK5CYII=" alt=""></a><div class="CybotCookiebotDialogDetailBodyContentCookieInfoWrapper CybotCookiebotDialogHide"><p class="CybotCookiebotDialogDetailBodyContentCookieProviderDescription">Daži šī pakalpojumu sniedzēja apkopotie dati ir paredzēti personalizēšanai un reklāmas efektivitātes mērīšanai.</p><div class="CybotCookiebotDialogDetailBodyContentCookieInfo"><strong class="CybotCookiebotDialogDetailBodyContentCookieInfoTitle">_GRECAPTCHA</strong><span class="CybotCookiebotDialogDetailBodyContentCookieInfoDescription">Šo sīkfailu izmanto, lai atšķirtu cilvēkus no robot programmatūrām. Tas ir noderīgi vietnei, lai varētu sagatavot derīgus pārskatus par vietnes izmantošanu.</span><div class="CybotCookiebotDialogDetailBodyContentCookieInfoFooter"><span class="CybotCookiebotDialogDetailBodyContentCookieInfoFooterContent"><b>Maksimālais uzglabāšanas ilgums</b>: 180 dienas</span><span class="CybotCookiebotDialogDetailBodyContentCookieInfoFooterContent"><b>Veids</b>: HTTP sīkfails</span></div></div><div class="CybotCookiebotDialogDetailBodyContentCookieInfo"><strong class="CybotCookiebotDialogDetailBodyContentCookieInfoTitle">rc::a</strong><span class="CybotCookiebotDialogDetailBodyContentCookieInfoDescription">Šo sīkfailu izmanto, lai atšķirtu cilvēkus un robotus. Nepieciešams, lai sagatavotu pārskatus par vietnes izmantošanas statistiku.</span><div class="CybotCookiebotDialogDetailBodyContentCookieInfoFooter"><span class="CybotCookiebotDialogDetailBodyContentCookieInfoFooterContent"><b>Maksimālais uzglabāšanas ilgums</b>: Paliekošā</span><span class="CybotCookiebotDialogDetailBodyContentCookieInfoFooterContent"><b>Veids</b>: HTML lokālā krātuve</span></div></div><div class="CybotCookiebotDialogDetailBodyContentCookieInfo"><strong class="CybotCookiebotDialogDetailBodyContentCookieInfoTitle">rc::b</strong><span class="CybotCookiebotDialogDetailBodyContentCookieInfoDescription">Šo sīkfailu izmanto, lai atšķirtu cilvēkus un robotus. </span><div class="CybotCookiebotDialogDetailBodyContentCookieInfoFooter"><span class="CybotCookiebotDialogDetailBodyContentCookieInfoFooterContent"><b>Maksimālais uzglabāšanas ilgums</b>: Sesija</span><span class="CybotCookiebotDialogDetailBodyContentCookieInfoFooterContent"><b>Veids</b>: HTML lokālā krātuve</span></div></div><div class="CybotCookiebotDialogDetailBodyContentCookieInfo"><strong class="CybotCookiebotDialogDetailBodyContentCookieInfoTitle">rc::c</strong><span class="CybotCookiebotDialogDetailBodyContentCookieInfoDescription">Šo sīkfailu izmanto, lai atšķirtu cilvēkus un robotus. </span><div class="CybotCookiebotDialogDetailBodyContentCookieInfoFooter"><span class="CybotCookiebotDialogDetailBodyContentCookieInfoFooterContent"><b>Maksimālais uzglabāšanas ilgums</b>: Sesija</span><span class="CybotCookiebotDialogDetailBodyContentCookieInfoFooterContent"><b>Veids</b>: HTML lokālā krātuve</span></div></div><div class="CybotCookiebotDialogDetailBodyContentCookieInfo"><strong class="CybotCookiebotDialogDetailBodyContentCookieInfoTitle">_ga_#</strong><span class="CybotCookiebotDialogDetailBodyContentCookieInfoDescription">Izmanto Google Analytics, lai apkopotu datus par to, cik reižu lietotājs ir apmeklējis vietni, kā arī par pirmā un pēdējā apmeklējuma datumiem.</span><div class="CybotCookiebotDialogDetailBodyContentCookieInfoFooter"><span class="CybotCookiebotDialogDetailBodyContentCookieInfoFooterContent"><b>Maksimālais uzglabāšanas ilgums</b>: 2 gadi</span><span class="CybotCookiebotDialogDetailBodyContentCookieInfoFooterContent"><b>Veids</b>: HTTP sīkfails</span></div></div><div class="CybotCookiebotDialogDetailBodyContentCookieInfo"><strong class="CybotCookiebotDialogDetailBodyContentCookieInfoTitle">_gcl_au&nbsp;[x2]</strong><span class="CybotCookiebotDialogDetailBodyContentCookieInfoDescription">To izmanto Google AdSense, lai eksperimentētu ar reklāmu efektivitāti vietnēs, kurās tiek izmantoti viņu pakalpojumi.</span><div class="CybotCookiebotDialogDetailBodyContentCookieInfoFooter"><span class="CybotCookiebotDialogDetailBodyContentCookieInfoFooterContent"><b>Maksimālais uzglabāšanas ilgums</b>: 3 mēneši</span><span class="CybotCookiebotDialogDetailBodyContentCookieInfoFooterContent"><b>Veids</b>: HTTP sīkfails</span></div></div><div class="CybotCookiebotDialogDetailBodyContentCookieInfo"><strong class="CybotCookiebotDialogDetailBodyContentCookieInfoTitle">_gcl_ls</strong><span class="CybotCookiebotDialogDetailBodyContentCookieInfoDescription" lang="en">Tracks the conversion rate between the user and the advertisement banners on the website - This serves to optimise the relevance of the advertisements on the website. </span><div class="CybotCookiebotDialogDetailBodyContentCookieInfoFooter"><span class="CybotCookiebotDialogDetailBodyContentCookieInfoFooterContent"><b>Maksimālais uzglabāšanas ilgums</b>: Paliekošā</span><span class="CybotCookiebotDialogDetailBodyContentCookieInfoFooterContent"><b>Veids</b>: HTML lokālā krātuve</span></div></div></div></li><li class="CybotCookiebotDialogDetailBodyContentCookieGroup"><a class="CybotCookiebotDialogDetailBodyContentCookieProvider CybotCookiebotDialogCollapsed" role="button" aria-expanded="false" href="#">Highcharts<div class="CybotCookiebotDialogDetailBodyContentCookieInfoCount CybotCookiebotDialogDetailBulkConsentCount">1</div></a><a class="CybotCookiebotDialogDetailBodyContentCookieLink" target="_blank" rel="noopener noreferrer nofollow" aria-label="Uzņēmuma Highcharts konfidencialitātes politika - opens in a new window" href="https://wp-assets.highcharts.com/www-highcharts-com/blog/wp-content/uploads/2018/07/19144117/Privacy-Policy.pdf" title="Uzņēmuma Highcharts konfidencialitātes politika">Uzzināt vairāk par šo pakalpojumu sniedzēju<img class="CybotExternalLinkArrow" src="data:image/png;base64,iVBORw0KGgoAAAANSUhEUgAAABIAAAASCAYAAABWzo5XAAAACXBIWXMAAAsTAAALEwEAmpwYAAAAAXNSR0IArs4c6QAAAARnQU1BAACxjwv8YQUAAAC6SURBVHgBpdTdCcMgEAdwT/vk04EOkBG6QifpHH3rCF2hk3SVvBaEuoDYu4IgRRMv/iEkD/Hn+QnOuatS6gEAqDoJIQC/vfe594+m576FjAZKL6XXkSDiYox5UQFLXZEoNZJzXg9B/0hK6SKGWkiMcRVBewjnNIuURdIzyFBFo0jZPnoGqaMbCEqRJkSNIiFPCfILj7F1GLkySfvuqnFlShDxWesF6D76zF4jPJ/GWvum7/NRjBCegtsXQuuTY/odOJIAAAAASUVORK5CYII=" alt=""></a><div class="CybotCookiebotDialogDetailBodyContentCookieInfoWrapper CybotCookiebotDialogHide"><div class="CybotCookiebotDialogDetailBodyContentCookieInfo"><strong class="CybotCookiebotDialogDetailBodyContentCookieInfoTitle">_cfuvid</strong><span class="CybotCookiebotDialogDetailBodyContentCookieInfoDescription" lang="en">This cookie is a part of the services provided by Cloudflare - Including load-balancing, deliverance of website content and serving DNS connection for website operators. </span><div class="CybotCookiebotDialogDetailBodyContentCookieInfoFooter"><span class="CybotCookiebotDialogDetailBodyContentCookieInfoFooterContent"><b>Maksimālais uzglabāšanas ilgums</b>: Sesija</span><span class="CybotCookiebotDialogDetailBodyContentCookieInfoFooterContent"><b>Veids</b>: HTTP sīkfails</span></div></div></div></li><li class="CybotCookiebotDialogDetailBodyContentCookieGroup"><a class="CybotCookiebotDialogDetailBodyContentCookieProvider CybotCookiebotDialogCollapsed" role="button" aria-expanded="false" href="#">Issuu<div class="CybotCookiebotDialogDetailBodyContentCookieInfoCount CybotCookiebotDialogDetailBulkConsentCount">1</div></a><a class="CybotCookiebotDialogDetailBodyContentCookieLink" target="_blank" rel="noopener noreferrer nofollow" aria-label="Uzņēmuma Issuu konfidencialitātes politika - opens in a new window" href="https://issuu.com/legal/privacy" title="Uzņēmuma Issuu konfidencialitātes politika">Uzzināt vairāk par šo pakalpojumu sniedzēju<img class="CybotExternalLinkArrow" src="data:image/png;base64,iVBORw0KGgoAAAANSUhEUgAAABIAAAASCAYAAABWzo5XAAAACXBIWXMAAAsTAAALEwEAmpwYAAAAAXNSR0IArs4c6QAAAARnQU1BAACxjwv8YQUAAAC6SURBVHgBpdTdCcMgEAdwT/vk04EOkBG6QifpHH3rCF2hk3SVvBaEuoDYu4IgRRMv/iEkD/Hn+QnOuatS6gEAqDoJIQC/vfe594+m576FjAZKL6XXkSDiYox5UQFLXZEoNZJzXg9B/0hK6SKGWkiMcRVBewjnNIuURdIzyFBFo0jZPnoGqaMbCEqRJkSNIiFPCfILj7F1GLkySfvuqnFlShDxWesF6D76zF4jPJ/GWvum7/NRjBCegtsXQuuTY/odOJIAAAAASUVORK5CYII=" alt=""></a><div class="CybotCookiebotDialogDetailBodyContentCookieInfoWrapper CybotCookiebotDialogHide"><div class="CybotCookiebotDialogDetailBodyContentCookieInfo"><strong class="CybotCookiebotDialogDetailBodyContentCookieInfoTitle">iutk</strong><span class="CybotCookiebotDialogDetailBodyContentCookieInfoDescription">Atpazīst lietotāja ierīci un izlasītos Issuu dokumentus.</span><div class="CybotCookiebotDialogDetailBodyContentCookieInfoFooter"><span class="CybotCookiebotDialogDetailBodyContentCookieInfoFooterContent"><b>Maksimālais uzglabāšanas ilgums</b>: Sesija</span><span class="CybotCookiebotDialogDetailBodyContentCookieInfoFooterContent"><b>Veids</b>: HTTP sīkfails</span></div></div></div></li><li class="CybotCookiebotDialogDetailBodyContentCookieGroup"><a class="CybotCookiebotDialogDetailBodyContentCookieProvider CybotCookiebotDialogCollapsed" role="button" aria-expanded="false" href="#">YouTube<div class="CybotCookiebotDialogDetailBodyContentCookieInfoCount CybotCookiebotDialogDetailBulkConsentCount">1</div></a><a class="CybotCookiebotDialogDetailBodyContentCookieLink" target="_blank" rel="noopener noreferrer nofollow" aria-label="Uzņēmuma YouTube konfidencialitātes politika - opens in a new window" href="https://business.safety.google/privacy/" title="Uzņēmuma YouTube konfidencialitātes politika">Uzzināt vairāk par šo pakalpojumu sniedzēju<img class="CybotExternalLinkArrow" src="data:image/png;base64,iVBORw0KGgoAAAANSUhEUgAAABIAAAASCAYAAABWzo5XAAAACXBIWXMAAAsTAAALEwEAmpwYAAAAAXNSR0IArs4c6QAAAARnQU1BAACxjwv8YQUAAAC6SURBVHgBpdTdCcMgEAdwT/vk04EOkBG6QifpHH3rCF2hk3SVvBaEuoDYu4IgRRMv/iEkD/Hn+QnOuatS6gEAqDoJIQC/vfe594+m576FjAZKL6XXkSDiYox5UQFLXZEoNZJzXg9B/0hK6SKGWkiMcRVBewjnNIuURdIzyFBFo0jZPnoGqaMbCEqRJkSNIiFPCfILj7F1GLkySfvuqnFlShDxWesF6D76zF4jPJ/GWvum7/NRjBCegtsXQuuTY/odOJIAAAAASUVORK5CYII=" alt=""></a><div class="CybotCookiebotDialogDetailBodyContentCookieInfoWrapper CybotCookiebotDialogHide"><div class="CybotCookiebotDialogDetailBodyContentCookieInfo"><strong class="CybotCookiebotDialogDetailBodyContentCookieInfoTitle">GPS</strong><span class="CybotCookiebotDialogDetailBodyContentCookieInfoDescription" lang="en">Used to determine whether the user is logged in on a YouTube account, when watching embedded videos.</span><div class="CybotCookiebotDialogDetailBodyContentCookieInfoFooter"><span class="CybotCookiebotDialogDetailBodyContentCookieInfoFooterContent"><b>Maksimālais uzglabāšanas ilgums</b>: 1 diena</span><span class="CybotCookiebotDialogDetailBodyContentCookieInfoFooterContent"><b>Veids</b>: HTTP sīkfails</span></div></div></div></li><li class="CybotCookiebotDialogDetailBodyContentCookieGroup"><a class="CybotCookiebotDialogDetailBodyContentCookieProvider CybotCookiebotDialogCollapsed" role="button" aria-expanded="false" href="#">maxima.lv<div class="CybotCookiebotDialogDetailBodyContentCookieInfoCount CybotCookiebotDialogDetailBulkConsentCount">3</div></a><div class="CybotCookiebotDialogDetailBodyContentCookieInfoWrapper CybotCookiebotDialogHide"><div class="CybotCookiebotDialogDetailBodyContentCookieInfo"><strong class="CybotCookiebotDialogDetailBodyContentCookieInfoTitle">_max_promo</strong><span class="CybotCookiebotDialogDetailBodyContentCookieInfoDescription">Izvietojas uz 365 dienu termiņu</span><div class="CybotCookiebotDialogDetailBodyContentCookieInfoFooter"><span class="CybotCookiebotDialogDetailBodyContentCookieInfoFooterContent"><b>Maksimālais uzglabāšanas ilgums</b>: 1 gads</span><span class="CybotCookiebotDialogDetailBodyContentCookieInfoFooterContent"><b>Veids</b>: HTTP sīkfails</span></div></div><div class="CybotCookiebotDialogDetailBodyContentCookieInfo"><strong class="CybotCookiebotDialogDetailBodyContentCookieInfoTitle">donationValue</strong><span class="CybotCookiebotDialogDetailBodyContentCookieInfoDescription">Nav atzīta</span><div class="CybotCookiebotDialogDetailBodyContentCookieInfoFooter"><span class="CybotCookiebotDialogDetailBodyContentCookieInfoFooterContent"><b>Maksimālais uzglabāšanas ilgums</b>: 1 diena</span><span class="CybotCookiebotDialogDetailBodyContentCookieInfoFooterContent"><b>Veids</b>: HTTP sīkfails</span></div></div><div class="CybotCookiebotDialogDetailBodyContentCookieInfo"><strong class="CybotCookiebotDialogDetailBodyContentCookieInfoTitle">SESS#</strong><span class="CybotCookiebotDialogDetailBodyContentCookieInfoDescription">Saglabā lietotāja sesijas stāvokli lapu pieprasījumos.</span><div class="CybotCookiebotDialogDetailBodyContentCookieInfoFooter"><span class="CybotCookiebotDialogDetailBodyContentCookieInfoFooterContent"><b>Maksimālais uzglabāšanas ilgums</b>: Sesija</span><span class="CybotCookiebotDialogDetailBodyContentCookieInfoFooterContent"><b>Veids</b>: HTTP sīkfails</span></div></div></div></li><li class="CybotCookiebotDialogDetailBodyContentCookieGroup"><a class="CybotCookiebotDialogDetailBodyContentCookieProvider CybotCookiebotDialogCollapsed" role="button" aria-expanded="false" href="#">www.maxima.lv<div class="CybotCookiebotDialogDetailBodyContentCookieInfoCount CybotCookiebotDialogDetailBulkConsentCount">4</div></a><div class="CybotCookiebotDialogDetailBodyContentCookieInfoWrapper CybotCookiebotDialogHide"><div class="CybotCookiebotDialogDetailBodyContentCookieInfo"><strong class="CybotCookiebotDialogDetailBodyContentCookieInfoTitle">dark_theme</strong><span class="CybotCookiebotDialogDetailBodyContentCookieInfoDescription">Nav atzīta</span><div class="CybotCookiebotDialogDetailBodyContentCookieInfoFooter"><span class="CybotCookiebotDialogDetailBodyContentCookieInfoFooterContent"><b>Maksimālais uzglabāšanas ilgums</b>: 400 dienas</span><span class="CybotCookiebotDialogDetailBodyContentCookieInfoFooterContent"><b>Veids</b>: HTTP sīkfails</span></div></div><div class="CybotCookiebotDialogDetailBodyContentCookieInfo"><strong class="CybotCookiebotDialogDetailBodyContentCookieInfoTitle">easy_view</strong><span class="CybotCookiebotDialogDetailBodyContentCookieInfoDescription">Nav atzīta</span><div class="CybotCookiebotDialogDetailBodyContentCookieInfoFooter"><span class="CybotCookiebotDialogDetailBodyContentCookieInfoFooterContent"><b>Maksimālais uzglabāšanas ilgums</b>: 400 dienas</span><span class="CybotCookiebotDialogDetailBodyContentCookieInfoFooterContent"><b>Veids</b>: HTTP sīkfails</span></div></div><div class="CybotCookiebotDialogDetailBodyContentCookieInfo"><strong class="CybotCookiebotDialogDetailBodyContentCookieInfoTitle">high_contrast</strong><span class="CybotCookiebotDialogDetailBodyContentCookieInfoDescription">Nav atzīta</span><div class="CybotCookiebotDialogDetailBodyContentCookieInfoFooter"><span class="CybotCookiebotDialogDetailBodyContentCookieInfoFooterContent"><b>Maksimālais uzglabāšanas ilgums</b>: 400 dienas</span><span class="CybotCookiebotDialogDetailBodyContentCookieInfoFooterContent"><b>Veids</b>: HTTP sīkfails</span></div></div><div class="CybotCookiebotDialogDetailBodyContentCookieInfo"><strong class="CybotCookiebotDialogDetailBodyContentCookieInfoTitle">zoom_view</strong><span class="CybotCookiebotDialogDetailBodyContentCookieInfoDescription">Nav atzīta</span><div class="CybotCookiebotDialogDetailBodyContentCookieInfoFooter"><span class="CybotCookiebotDialogDetailBodyContentCookieInfoFooterContent"><b>Maksimālais uzglabāšanas ilgums</b>: 1000 dienas</span><span class="CybotCookiebotDialogDetailBodyContentCookieInfoFooterContent"><b>Veids</b>: HTTP sīkfails</span></div></div></div></li></ul></div></div></div></li><li class="CookieCard"><div id="CybotCookiebotDialogDetailBodyContentCookieContainerPreferenceCard"><div class="CybotCookiebotDialogDetailBodyContentCookieContainerHeader"><button id="CybotCookiebotDialogDetailBodyContentCookieContainerPreference" class="CybotCookiebotDialogDetailBodyContentCookieContainerButton CybotCookiebotDialogCollapsed" lang="lv" data-target="CybotCookiebotDialogDetailBodyContentCookieTabsPreference" aria-label=" Funkcionalitāte (4)" aria-controls="CybotCookiebotDialogDetailBodyContentCookieTabsPreference" aria-expanded="false"><span id="CybotCookiebotDialogBodyLevelButtonPreferencesInlineLabel"> Funkcionalitāte </span> <span class="CybotCookiebotDialogDetailBulkConsentCount">4</span></button><div class="CybotCookiebotDialogBodyLevelButtonSliderWrapper"><div role="group" class="CybotCookiebotDialogBodyLevelButtonSliderWrapperFullWidth"><input type="checkbox" id="CybotCookiebotDialogBodyLevelButtonPreferencesInline" aria-labelledby="CybotCookiebotDialogBodyLevelButtonPreferencesInlineLabel" class="CybotCookiebotDialogBodyLevelButton CybotCookiebotDialogBodyLevelConsentCheckbox" data-target="CybotCookiebotDialogBodyLevelButtonPreferences" checked="checked" tabindex="0"> <span class="CybotCookiebotDialogBodyLevelButtonSlider"></span></div></div></div><div class="CybotCookiebotDialogDetailBodyContentCookieTypeIntro">Vietnes darbībai nepieciešamās sīkdatnes&nbsp;atceras Apmeklētāju veiktos uzstādījumus (piemēram, valodas, laika zonas izvēle vai sīkdatņu lietošanas atļaujas u. tml.). Izmantojot šīs sīkdatnes, Apmeklētāji/‑as var izvairīties no attiecīgo uzstādījumu atkārtotas iestatīšanas katrā Vietnes apmeklēšanas reizē.</div><div id="CybotCookiebotDialogDetailBodyContentCookieTabsPreference" class="CollapseCard CybotCookiebotDialogHide" aria-labelledby="CybotCookiebotDialogDetailBodyContentCookieContainerPreferenceCard"><div class="CybotCookiebotDialogDetailBodyContentCookieTypeTableContainer"><ul class="CybotCookiebotDialogDetailBodyContentCookieTabContent" style="list-style-type: none;"><li class="CybotCookiebotDialogDetailBodyContentCookieGroup"><a class="CybotCookiebotDialogDetailBodyContentCookieProvider CybotCookiebotDialogCollapsed" role="button" aria-expanded="false" href="#">Azure<div class="CybotCookiebotDialogDetailBodyContentCookieInfoCount CybotCookiebotDialogDetailBulkConsentCount">1</div></a><a class="CybotCookiebotDialogDetailBodyContentCookieLink" target="_blank" rel="noopener noreferrer nofollow" aria-label="Uzņēmuma Azure konfidencialitātes politika - opens in a new window" href="https://privacy.microsoft.com/en-us/PrivacyStatement" title="Uzņēmuma Azure konfidencialitātes politika">Uzzināt vairāk par šo pakalpojumu sniedzēju<img class="CybotExternalLinkArrow" src="data:image/png;base64,iVBORw0KGgoAAAANSUhEUgAAABIAAAASCAYAAABWzo5XAAAACXBIWXMAAAsTAAALEwEAmpwYAAAAAXNSR0IArs4c6QAAAARnQU1BAACxjwv8YQUAAAC6SURBVHgBpdTdCcMgEAdwT/vk04EOkBG6QifpHH3rCF2hk3SVvBaEuoDYu4IgRRMv/iEkD/Hn+QnOuatS6gEAqDoJIQC/vfe594+m576FjAZKL6XXkSDiYox5UQFLXZEoNZJzXg9B/0hK6SKGWkiMcRVBewjnNIuURdIzyFBFo0jZPnoGqaMbCEqRJkSNIiFPCfILj7F1GLkySfvuqnFlShDxWesF6D76zF4jPJ/GWvum7/NRjBCegtsXQuuTY/odOJIAAAAASUVORK5CYII=" alt=""></a><div class="CybotCookiebotDialogDetailBodyContentCookieInfoWrapper CybotCookiebotDialogHide"><div class="CybotCookiebotDialogDetailBodyContentCookieInfo"><strong class="CybotCookiebotDialogDetailBodyContentCookieInfoTitle">weird_get_top_level_domain</strong><span class="CybotCookiebotDialogDetailBodyContentCookieInfoDescription" lang="en">The cookie determines the preferred language and country-setting of the visitor - This allows the website to show content most relevant to that region and language.</span><div class="CybotCookiebotDialogDetailBodyContentCookieInfoFooter"><span class="CybotCookiebotDialogDetailBodyContentCookieInfoFooterContent"><b>Maksimālais uzglabāšanas ilgums</b>: Sesija</span><span class="CybotCookiebotDialogDetailBodyContentCookieInfoFooterContent"><b>Veids</b>: HTTP sīkfails</span></div></div></div></li><li class="CybotCookiebotDialogDetailBodyContentCookieGroup"><a class="CybotCookiebotDialogDetailBodyContentCookieProvider CybotCookiebotDialogCollapsed" role="button" aria-expanded="false" href="#">maxima.lv<div class="CybotCookiebotDialogDetailBodyContentCookieInfoCount CybotCookiebotDialogDetailBulkConsentCount">3</div></a><div class="CybotCookiebotDialogDetailBodyContentCookieInfoWrapper CybotCookiebotDialogHide"><div class="CybotCookiebotDialogDetailBodyContentCookieInfo"><strong class="CybotCookiebotDialogDetailBodyContentCookieInfoTitle">aciu_remember_me</strong><span class="CybotCookiebotDialogDetailBodyContentCookieInfoDescription">Izvietojas uz 30 dienu termiņu (automātiskas pieslēgšanās nodrošināšanai nākamajā apmeklējuma reizē)</span><div class="CybotCookiebotDialogDetailBodyContentCookieInfoFooter"><span class="CybotCookiebotDialogDetailBodyContentCookieInfoFooterContent"><b>Maksimālais uzglabāšanas ilgums</b>: 30 dienas</span><span class="CybotCookiebotDialogDetailBodyContentCookieInfoFooterContent"><b>Veids</b>: HTTP sīkfails</span></div></div><div class="CybotCookiebotDialogDetailBodyContentCookieInfo"><strong class="CybotCookiebotDialogDetailBodyContentCookieInfoTitle">ma_lott</strong><span class="CybotCookiebotDialogDetailBodyContentCookieInfoDescription">Izvietojas uz 7 dienu termiņu (uznirstošajiem logiem – pop-up)</span><div class="CybotCookiebotDialogDetailBodyContentCookieInfoFooter"><span class="CybotCookiebotDialogDetailBodyContentCookieInfoFooterContent"><b>Maksimālais uzglabāšanas ilgums</b>: 7 dienas</span><span class="CybotCookiebotDialogDetailBodyContentCookieInfoFooterContent"><b>Veids</b>: HTTP sīkfails</span></div></div><div class="CybotCookiebotDialogDetailBodyContentCookieInfo"><strong class="CybotCookiebotDialogDetailBodyContentCookieInfoTitle">ma_pdf_jpg_popup_v2</strong><span class="CybotCookiebotDialogDetailBodyContentCookieInfoDescription">Izvietojas uz laiku līdz tīmekļa pārlūkprogrammas aizvēršanai (uznirstošajiem logiem – pop-up)</span><div class="CybotCookiebotDialogDetailBodyContentCookieInfoFooter"><span class="CybotCookiebotDialogDetailBodyContentCookieInfoFooterContent"><b>Maksimālais uzglabāšanas ilgums</b>: 7 dienas</span><span class="CybotCookiebotDialogDetailBodyContentCookieInfoFooterContent"><b>Veids</b>: HTTP sīkfails</span></div></div></div></li></ul></div></div></div></li><li class="CookieCard"><div id="CybotCookiebotDialogDetailBodyContentCookieContainerStatisticsCard"><div class="CybotCookiebotDialogDetailBodyContentCookieContainerHeader"><button id="CybotCookiebotDialogDetailBodyContentCookieContainerStatistics" class="CybotCookiebotDialogDetailBodyContentCookieContainerButton CybotCookiebotDialogCollapsed" lang="lv" data-target="CybotCookiebotDialogDetailBodyContentCookieTabsStatistics" aria-label="Analītiskās (5)" aria-controls="CybotCookiebotDialogDetailBodyContentCookieTabsStatistics" aria-expanded="false"><span id="CybotCookiebotDialogBodyLevelButtonStatisticsInlineLabel">Analītiskās </span> <span class="CybotCookiebotDialogDetailBulkConsentCount">5</span></button><div class="CybotCookiebotDialogBodyLevelButtonSliderWrapper"><div role="group" class="CybotCookiebotDialogBodyLevelButtonSliderWrapperFullWidth"><input type="checkbox" id="CybotCookiebotDialogBodyLevelButtonStatisticsInline" aria-labelledby="CybotCookiebotDialogBodyLevelButtonStatisticsInlineLabel" class="CybotCookiebotDialogBodyLevelButton CybotCookiebotDialogBodyLevelConsentCheckbox" data-target="CybotCookiebotDialogBodyLevelButtonStatistics" checked="checked" tabindex="0"> <span class="CybotCookiebotDialogBodyLevelButtonSlider"></span></div></div></div><div class="CybotCookiebotDialogDetailBodyContentCookieTypeIntro">Analītiskās sīkdatnes&nbsp;informē mūs par to, vai Apmeklētājs/-a ir jau iepriekš bijis mūsu Vietnē. Šādas analītiskās sīkdatnes palīdz mums veikt Apmeklētāju skaita uzskaiti un viņu apmeklējumu biežumu. Mēs izmantojam Google Analytics, Google, Inc (turpmāk tekstā saukts “Google”) piedāvāto tīmekļa analītisko pakalpojumu. Google Analytics apkopotā informācija tiek nodota un uzglabāta pie Google. Google var nodot Google Analytics apkopoto informāciju trešajām personām, ja to pieprasa likums vai ja trešās personas Google vārdā apstrādā šo informāciju. Atbilstoši pakalpojuma Google Analytics sniegšanas noteikumiem, Google nesaistīs Jūsu IP adresi ar jebkādu citu Google pieejamo informāciju. Vairāk par “Google Analytics” pakalpojuma sniegšanas noteikumiem var uzzināt mājaslapā&nbsp;<a href="http://www.google.com/analytics/terms/us.html">http://www.google.com/analytics/terms/us.html</a>.&nbsp;Lietojot šo vietni Jūs piekrītat, ka sīkdatnes var tikt uzturētas arī ārpus Eiropas Savienības.</div><div id="CybotCookiebotDialogDetailBodyContentCookieTabsStatistics" class="CollapseCard CybotCookiebotDialogHide" aria-labelledby="CybotCookiebotDialogDetailBodyContentCookieContainerStatisticsCard"><div class="CybotCookiebotDialogDetailBodyContentCookieTypeTableContainer"><ul class="CybotCookiebotDialogDetailBodyContentCookieTabContent" style="list-style-type: none;"><li class="CybotCookiebotDialogDetailBodyContentCookieGroup"><a class="CybotCookiebotDialogDetailBodyContentCookieProvider CybotCookiebotDialogCollapsed" role="button" aria-expanded="false" href="#">Google<div class="CybotCookiebotDialogDetailBodyContentCookieInfoCount CybotCookiebotDialogDetailBulkConsentCount">5</div></a><a class="CybotCookiebotDialogDetailBodyContentCookieLink" target="_blank" rel="noopener noreferrer nofollow" aria-label="Uzņēmuma Google konfidencialitātes politika - opens in a new window" href="https://business.safety.google/privacy/" title="Uzņēmuma Google konfidencialitātes politika">Uzzināt vairāk par šo pakalpojumu sniedzēju<img class="CybotExternalLinkArrow" src="data:image/png;base64,iVBORw0KGgoAAAANSUhEUgAAABIAAAASCAYAAABWzo5XAAAACXBIWXMAAAsTAAALEwEAmpwYAAAAAXNSR0IArs4c6QAAAARnQU1BAACxjwv8YQUAAAC6SURBVHgBpdTdCcMgEAdwT/vk04EOkBG6QifpHH3rCF2hk3SVvBaEuoDYu4IgRRMv/iEkD/Hn+QnOuatS6gEAqDoJIQC/vfe594+m576FjAZKL6XXkSDiYox5UQFLXZEoNZJzXg9B/0hK6SKGWkiMcRVBewjnNIuURdIzyFBFo0jZPnoGqaMbCEqRJkSNIiFPCfILj7F1GLkySfvuqnFlShDxWesF6D76zF4jPJ/GWvum7/NRjBCegtsXQuuTY/odOJIAAAAASUVORK5CYII=" alt=""></a><div class="CybotCookiebotDialogDetailBodyContentCookieInfoWrapper CybotCookiebotDialogHide"><p class="CybotCookiebotDialogDetailBodyContentCookieProviderDescription">Daži šī pakalpojumu sniedzēja apkopotie dati ir paredzēti personalizēšanai un reklāmas efektivitātes mērīšanai.</p><div class="CybotCookiebotDialogDetailBodyContentCookieInfo"><strong class="CybotCookiebotDialogDetailBodyContentCookieInfoTitle">_ga&nbsp;[x2]</strong><span class="CybotCookiebotDialogDetailBodyContentCookieInfoDescription">Reģistrē unikālu ID, kas tiek izmantots statistikas datu ģenerēšanai par to, kā apmeklētājs izmanto vietni.</span><div class="CybotCookiebotDialogDetailBodyContentCookieInfoFooter"><span class="CybotCookiebotDialogDetailBodyContentCookieInfoFooterContent"><b>Maksimālais uzglabāšanas ilgums</b>: 2 gadi</span><span class="CybotCookiebotDialogDetailBodyContentCookieInfoFooterContent"><b>Veids</b>: HTTP sīkfails</span></div></div><div class="CybotCookiebotDialogDetailBodyContentCookieInfo"><strong class="CybotCookiebotDialogDetailBodyContentCookieInfoTitle">_gat</strong><span class="CybotCookiebotDialogDetailBodyContentCookieInfoDescription">Izmanto Google Analytics,  lai ierobežotu pieprasījumu līmeni.</span><div class="CybotCookiebotDialogDetailBodyContentCookieInfoFooter"><span class="CybotCookiebotDialogDetailBodyContentCookieInfoFooterContent"><b>Maksimālais uzglabāšanas ilgums</b>: 1 diena</span><span class="CybotCookiebotDialogDetailBodyContentCookieInfoFooterContent"><b>Veids</b>: HTTP sīkfails</span></div></div><div class="CybotCookiebotDialogDetailBodyContentCookieInfo"><strong class="CybotCookiebotDialogDetailBodyContentCookieInfoTitle">_gid&nbsp;[x2]</strong><span class="CybotCookiebotDialogDetailBodyContentCookieInfoDescription">Reģistrē unikālu ID, kas tiek izmantots statistikas datu ģenerēšanai par to, kā apmeklētājs izmanto vietni.</span><div class="CybotCookiebotDialogDetailBodyContentCookieInfoFooter"><span class="CybotCookiebotDialogDetailBodyContentCookieInfoFooterContent"><b>Maksimālais uzglabāšanas ilgums</b>: 1 diena</span><span class="CybotCookiebotDialogDetailBodyContentCookieInfoFooterContent"><b>Veids</b>: HTTP sīkfails</span></div></div></div></li></ul></div></div></div></li><li class="CookieCard"><div id="CybotCookiebotDialogDetailBodyContentCookieContainerAdvertisingCard"><div class="CybotCookiebotDialogDetailBodyContentCookieContainerHeader"><button id="CybotCookiebotDialogDetailBodyContentCookieContainerAdvertising" class="CybotCookiebotDialogDetailBodyContentCookieContainerButton CybotCookiebotDialogCollapsed" lang="lv" data-target="CybotCookiebotDialogDetailBodyContentCookieTabsAdvertising" aria-label="Reklāmas (35)" aria-controls="CybotCookiebotDialogDetailBodyContentCookieTabsAdvertising" aria-expanded="false"><span id="CybotCookiebotDialogBodyLevelButtonMarketingInlineLabel">Reklāmas </span> <span class="CybotCookiebotDialogDetailBulkConsentCount">35</span></button><div class="CybotCookiebotDialogBodyLevelButtonSliderWrapper"><div role="group" class="CybotCookiebotDialogBodyLevelButtonSliderWrapperFullWidth"><input type="checkbox" id="CybotCookiebotDialogBodyLevelButtonMarketingInline" aria-labelledby="CybotCookiebotDialogBodyLevelButtonMarketingInlineLabel" class="CybotCookiebotDialogBodyLevelButton CybotCookiebotDialogBodyLevelConsentCheckbox" data-target="CybotCookiebotDialogBodyLevelButtonMarketing" checked="checked" tabindex="0"> <span class="CybotCookiebotDialogBodyLevelButtonSlider"></span></div></div></div><div class="CybotCookiebotDialogDetailBodyContentCookieTypeIntro">Reklāmas sīkdatnes&nbsp;ļauj mums uzzināt, vai Apmeklētājs/-a jau ir redzējis/-usi konkrēto reklāmu vai konkrētās reklāmas veidu, un cik laika ir pagājis kopš tā brīža. Mēs varam izmantot citas personas izveidotās sīkdatnes, lai mēs varētu piedāvāt īpaši Apmeklētājam/-ai adresētu reklāmu. Tās tiek izmantotas arī, lai Apmeklētājs/-a varētu redzēt noteiktas reklāmas tikai konkrētu daudzumu reižu un lai palīdzētu izvērtēt reklāmas efektivitāti.&nbsp;Lietojot šo vietni Jūs piekrītat, ka sīkdatnes var tikt uzturētas arī ārpus Eiropas Savienības.</div><div id="CybotCookiebotDialogDetailBodyContentCookieTabsAdvertising" class="CollapseCard CybotCookiebotDialogHide" aria-labelledby="CybotCookiebotDialogDetailBodyContentCookieContainerAdvertisingCard"><div class="CybotCookiebotDialogDetailBodyContentCookieTypeTableContainer"><ul class="CybotCookiebotDialogDetailBodyContentCookieTabContent" style="list-style-type: none;"><li class="CybotCookiebotDialogDetailBodyContentCookieGroup"><a class="CybotCookiebotDialogDetailBodyContentCookieProvider CybotCookiebotDialogCollapsed" role="button" aria-expanded="false" href="#"> Meta Platforms, Inc.<div class="CybotCookiebotDialogDetailBodyContentCookieInfoCount CybotCookiebotDialogDetailBulkConsentCount">5</div></a><a class="CybotCookiebotDialogDetailBodyContentCookieLink" target="_blank" rel="noopener noreferrer nofollow" aria-label="Uzņēmuma  Meta Platforms, Inc. konfidencialitātes politika - opens in a new window" href="https://www.facebook.com/policy.php/" title="Uzņēmuma  Meta Platforms, Inc. konfidencialitātes politika">Uzzināt vairāk par šo pakalpojumu sniedzēju<img class="CybotExternalLinkArrow" src="data:image/png;base64,iVBORw0KGgoAAAANSUhEUgAAABIAAAASCAYAAABWzo5XAAAACXBIWXMAAAsTAAALEwEAmpwYAAAAAXNSR0IArs4c6QAAAARnQU1BAACxjwv8YQUAAAC6SURBVHgBpdTdCcMgEAdwT/vk04EOkBG6QifpHH3rCF2hk3SVvBaEuoDYu4IgRRMv/iEkD/Hn+QnOuatS6gEAqDoJIQC/vfe594+m576FjAZKL6XXkSDiYox5UQFLXZEoNZJzXg9B/0hK6SKGWkiMcRVBewjnNIuURdIzyFBFo0jZPnoGqaMbCEqRJkSNIiFPCfILj7F1GLkySfvuqnFlShDxWesF6D76zF4jPJ/GWvum7/NRjBCegtsXQuuTY/odOJIAAAAASUVORK5CYII=" alt=""></a><div class="CybotCookiebotDialogDetailBodyContentCookieInfoWrapper CybotCookiebotDialogHide"><div class="CybotCookiebotDialogDetailBodyContentCookieInfo"><strong class="CybotCookiebotDialogDetailBodyContentCookieInfoTitle">lastExternalReferrer</strong><span class="CybotCookiebotDialogDetailBodyContentCookieInfoDescription">Nosaka, kā lietotājs sasniedza vietni, reģistrējot savu pēdējo URL adresi.</span><div class="CybotCookiebotDialogDetailBodyContentCookieInfoFooter"><span class="CybotCookiebotDialogDetailBodyContentCookieInfoFooterContent"><b>Maksimālais uzglabāšanas ilgums</b>: Paliekošā</span><span class="CybotCookiebotDialogDetailBodyContentCookieInfoFooterContent"><b>Veids</b>: HTML lokālā krātuve</span></div></div><div class="CybotCookiebotDialogDetailBodyContentCookieInfo"><strong class="CybotCookiebotDialogDetailBodyContentCookieInfoTitle">lastExternalReferrerTime</strong><span class="CybotCookiebotDialogDetailBodyContentCookieInfoDescription">Nosaka, kā lietotājs sasniedza vietni, reģistrējot savu pēdējo URL adresi.</span><div class="CybotCookiebotDialogDetailBodyContentCookieInfoFooter"><span class="CybotCookiebotDialogDetailBodyContentCookieInfoFooterContent"><b>Maksimālais uzglabāšanas ilgums</b>: Paliekošā</span><span class="CybotCookiebotDialogDetailBodyContentCookieInfoFooterContent"><b>Veids</b>: HTML lokālā krātuve</span></div></div><div class="CybotCookiebotDialogDetailBodyContentCookieInfo"><strong class="CybotCookiebotDialogDetailBodyContentCookieInfoTitle">log/error</strong><span class="CybotCookiebotDialogDetailBodyContentCookieInfoDescription" lang="en">Used to detect and log potential tracking errors.</span><div class="CybotCookiebotDialogDetailBodyContentCookieInfoFooter"><span class="CybotCookiebotDialogDetailBodyContentCookieInfoFooterContent"><b>Maksimālais uzglabāšanas ilgums</b>: Sesija</span><span class="CybotCookiebotDialogDetailBodyContentCookieInfoFooterContent"><b>Veids</b>: Pikseļu izsekotājs</span></div></div><div class="CybotCookiebotDialogDetailBodyContentCookieInfo"><strong class="CybotCookiebotDialogDetailBodyContentCookieInfoTitle">_fbp&nbsp;[x2]</strong><span class="CybotCookiebotDialogDetailBodyContentCookieInfoDescription">Izmanto Facebook, lai piegādātu virkni reklāmas produktu, piemēram, reāllaika cenu noteikšanu no trešo pušu reklāmdevējiem.</span><div class="CybotCookiebotDialogDetailBodyContentCookieInfoFooter"><span class="CybotCookiebotDialogDetailBodyContentCookieInfoFooterContent"><b>Maksimālais uzglabāšanas ilgums</b>: 3 mēneši</span><span class="CybotCookiebotDialogDetailBodyContentCookieInfoFooterContent"><b>Veids</b>: HTTP sīkfails</span></div></div></div></li><li class="CybotCookiebotDialogDetailBodyContentCookieGroup"><a class="CybotCookiebotDialogDetailBodyContentCookieProvider CybotCookiebotDialogCollapsed" role="button" aria-expanded="false" href="#">Adform<div class="CybotCookiebotDialogDetailBodyContentCookieInfoCount CybotCookiebotDialogDetailBulkConsentCount">2</div></a><a class="CybotCookiebotDialogDetailBodyContentCookieLink" target="_blank" rel="noopener noreferrer nofollow" aria-label="Uzņēmuma Adform konfidencialitātes politika - opens in a new window" href="https://site.adform.com/privacy-center/platform-privacy/opt-out/" title="Uzņēmuma Adform konfidencialitātes politika">Uzzināt vairāk par šo pakalpojumu sniedzēju<img class="CybotExternalLinkArrow" src="data:image/png;base64,iVBORw0KGgoAAAANSUhEUgAAABIAAAASCAYAAABWzo5XAAAACXBIWXMAAAsTAAALEwEAmpwYAAAAAXNSR0IArs4c6QAAAARnQU1BAACxjwv8YQUAAAC6SURBVHgBpdTdCcMgEAdwT/vk04EOkBG6QifpHH3rCF2hk3SVvBaEuoDYu4IgRRMv/iEkD/Hn+QnOuatS6gEAqDoJIQC/vfe594+m576FjAZKL6XXkSDiYox5UQFLXZEoNZJzXg9B/0hK6SKGWkiMcRVBewjnNIuURdIzyFBFo0jZPnoGqaMbCEqRJkSNIiFPCfILj7F1GLkySfvuqnFlShDxWesF6D76zF4jPJ/GWvum7/NRjBCegtsXQuuTY/odOJIAAAAASUVORK5CYII=" alt=""></a><div class="CybotCookiebotDialogDetailBodyContentCookieInfoWrapper CybotCookiebotDialogHide"><div class="CybotCookiebotDialogDetailBodyContentCookieInfo"><strong class="CybotCookiebotDialogDetailBodyContentCookieInfoTitle">C</strong><span class="CybotCookiebotDialogDetailBodyContentCookieInfoDescription">Izmanto, lai pārbaudītu, vai lietotāja pārlūkprogramma atbalsta sīkdatnes.</span><div class="CybotCookiebotDialogDetailBodyContentCookieInfoFooter"><span class="CybotCookiebotDialogDetailBodyContentCookieInfoFooterContent"><b>Maksimālais uzglabāšanas ilgums</b>: 28 dienas</span><span class="CybotCookiebotDialogDetailBodyContentCookieInfoFooterContent"><b>Veids</b>: HTTP sīkfails</span></div></div><div class="CybotCookiebotDialogDetailBodyContentCookieInfo"><strong class="CybotCookiebotDialogDetailBodyContentCookieInfoTitle">uid</strong><span class="CybotCookiebotDialogDetailBodyContentCookieInfoDescription">Reģistrē unikālu lietotāja ID, kas atpazīst lietotāja pārlūkprogrammu, apmeklējot vietnes, kurās tiek izmantots viens un tas pats reklāmu tīkls. Mērķis ir optimizēt reklāmu attēlošanu, pamatojoties uz lietotāja darbībām un dažādu reklāmu nodrošinātāju piedāvājumiem lietotāju reklāmu parādīšanai.</span><div class="CybotCookiebotDialogDetailBodyContentCookieInfoFooter"><span class="CybotCookiebotDialogDetailBodyContentCookieInfoFooterContent"><b>Maksimālais uzglabāšanas ilgums</b>: 2 mēneši</span><span class="CybotCookiebotDialogDetailBodyContentCookieInfoFooterContent"><b>Veids</b>: HTTP sīkfails</span></div></div></div></li><li class="CybotCookiebotDialogDetailBodyContentCookieGroup"><a class="CybotCookiebotDialogDetailBodyContentCookieProvider CybotCookiebotDialogCollapsed" role="button" aria-expanded="false" href="#">Crimtan<div class="CybotCookiebotDialogDetailBodyContentCookieInfoCount CybotCookiebotDialogDetailBulkConsentCount">2</div></a><a class="CybotCookiebotDialogDetailBodyContentCookieLink" target="_blank" rel="noopener noreferrer nofollow" aria-label="Uzņēmuma Crimtan konfidencialitātes politika - opens in a new window" href="https://crimtan.com/privacy/" title="Uzņēmuma Crimtan konfidencialitātes politika">Uzzināt vairāk par šo pakalpojumu sniedzēju<img class="CybotExternalLinkArrow" src="data:image/png;base64,iVBORw0KGgoAAAANSUhEUgAAABIAAAASCAYAAABWzo5XAAAACXBIWXMAAAsTAAALEwEAmpwYAAAAAXNSR0IArs4c6QAAAARnQU1BAACxjwv8YQUAAAC6SURBVHgBpdTdCcMgEAdwT/vk04EOkBG6QifpHH3rCF2hk3SVvBaEuoDYu4IgRRMv/iEkD/Hn+QnOuatS6gEAqDoJIQC/vfe594+m576FjAZKL6XXkSDiYox5UQFLXZEoNZJzXg9B/0hK6SKGWkiMcRVBewjnNIuURdIzyFBFo0jZPnoGqaMbCEqRJkSNIiFPCfILj7F1GLkySfvuqnFlShDxWesF6D76zF4jPJ/GWvum7/NRjBCegtsXQuuTY/odOJIAAAAASUVORK5CYII=" alt=""></a><div class="CybotCookiebotDialogDetailBodyContentCookieInfoWrapper CybotCookiebotDialogHide"><div class="CybotCookiebotDialogDetailBodyContentCookieInfo"><strong class="CybotCookiebotDialogDetailBodyContentCookieInfoTitle">cid_#</strong><span class="CybotCookiebotDialogDetailBodyContentCookieInfoDescription">Apkopo neidentificējamus datus, kas tiek nosūtīti uz neidentificējamu avotu. Avota identitāti uzņēmums Whois Privacy Protection Service, Inc. tur slepenībā.</span><div class="CybotCookiebotDialogDetailBodyContentCookieInfoFooter"><span class="CybotCookiebotDialogDetailBodyContentCookieInfoFooterContent"><b>Maksimālais uzglabāšanas ilgums</b>: 1 gads</span><span class="CybotCookiebotDialogDetailBodyContentCookieInfoFooterContent"><b>Veids</b>: HTTP sīkfails</span></div></div><div class="CybotCookiebotDialogDetailBodyContentCookieInfo"><strong class="CybotCookiebotDialogDetailBodyContentCookieInfoTitle">int/cm</strong><span class="CybotCookiebotDialogDetailBodyContentCookieInfoDescription" lang="en">Collects statistical data related to the user's website visits, such as the number of visits, average time spent on the website and what pages have been loaded. The purpose is to segment the website's users according to factors such as demographics and geographical location, in order to enable media and marketing agencies to structure and understand their target groups to enable customised online advertising.</span><div class="CybotCookiebotDialogDetailBodyContentCookieInfoFooter"><span class="CybotCookiebotDialogDetailBodyContentCookieInfoFooterContent"><b>Maksimālais uzglabāšanas ilgums</b>: Sesija</span><span class="CybotCookiebotDialogDetailBodyContentCookieInfoFooterContent"><b>Veids</b>: Pikseļu izsekotājs</span></div></div></div></li><li class="CybotCookiebotDialogDetailBodyContentCookieGroup"><a class="CybotCookiebotDialogDetailBodyContentCookieProvider CybotCookiebotDialogCollapsed" role="button" aria-expanded="false" href="#">Google<div class="CybotCookiebotDialogDetailBodyContentCookieInfoCount CybotCookiebotDialogDetailBulkConsentCount">5</div></a><a class="CybotCookiebotDialogDetailBodyContentCookieLink" target="_blank" rel="noopener noreferrer nofollow" aria-label="Uzņēmuma Google konfidencialitātes politika - opens in a new window" href="https://business.safety.google/privacy/" title="Uzņēmuma Google konfidencialitātes politika">Uzzināt vairāk par šo pakalpojumu sniedzēju<img class="CybotExternalLinkArrow" src="data:image/png;base64,iVBORw0KGgoAAAANSUhEUgAAABIAAAASCAYAAABWzo5XAAAACXBIWXMAAAsTAAALEwEAmpwYAAAAAXNSR0IArs4c6QAAAARnQU1BAACxjwv8YQUAAAC6SURBVHgBpdTdCcMgEAdwT/vk04EOkBG6QifpHH3rCF2hk3SVvBaEuoDYu4IgRRMv/iEkD/Hn+QnOuatS6gEAqDoJIQC/vfe594+m576FjAZKL6XXkSDiYox5UQFLXZEoNZJzXg9B/0hK6SKGWkiMcRVBewjnNIuURdIzyFBFo0jZPnoGqaMbCEqRJkSNIiFPCfILj7F1GLkySfvuqnFlShDxWesF6D76zF4jPJ/GWvum7/NRjBCegtsXQuuTY/odOJIAAAAASUVORK5CYII=" alt=""></a><div class="CybotCookiebotDialogDetailBodyContentCookieInfoWrapper CybotCookiebotDialogHide"><p class="CybotCookiebotDialogDetailBodyContentCookieProviderDescription">Daži šī pakalpojumu sniedzēja apkopotie dati ir paredzēti personalizēšanai un reklāmas efektivitātes mērīšanai.</p><div class="CybotCookiebotDialogDetailBodyContentCookieInfo"><strong class="CybotCookiebotDialogDetailBodyContentCookieInfoTitle">IDE</strong><span class="CybotCookiebotDialogDetailBodyContentCookieInfoDescription" lang="en">Used by Google DoubleClick to register and report the website user's actions after viewing or clicking one of the advertiser's ads with the purpose of measuring the efficacy of an ad and to present targeted ads to the user.</span><div class="CybotCookiebotDialogDetailBodyContentCookieInfoFooter"><span class="CybotCookiebotDialogDetailBodyContentCookieInfoFooterContent"><b>Maksimālais uzglabāšanas ilgums</b>: 400 dienas</span><span class="CybotCookiebotDialogDetailBodyContentCookieInfoFooterContent"><b>Veids</b>: HTTP sīkfails</span></div></div><div class="CybotCookiebotDialogDetailBodyContentCookieInfo"><strong class="CybotCookiebotDialogDetailBodyContentCookieInfoTitle">pagead/viewthroughconversion/958321261/</strong><span class="CybotCookiebotDialogDetailBodyContentCookieInfoDescription">Nav atzīta</span><div class="CybotCookiebotDialogDetailBodyContentCookieInfoFooter"><span class="CybotCookiebotDialogDetailBodyContentCookieInfoFooterContent"><b>Maksimālais uzglabāšanas ilgums</b>: Sesija</span><span class="CybotCookiebotDialogDetailBodyContentCookieInfoFooterContent"><b>Veids</b>: Pikseļu izsekotājs</span></div></div><div class="CybotCookiebotDialogDetailBodyContentCookieInfo"><strong class="CybotCookiebotDialogDetailBodyContentCookieInfoTitle">test_cookie</strong><span class="CybotCookiebotDialogDetailBodyContentCookieInfoDescription">Izmanto, lai pārbaudītu, vai lietotāja pārlūkprogramma atbalsta sīkdatnes.</span><div class="CybotCookiebotDialogDetailBodyContentCookieInfoFooter"><span class="CybotCookiebotDialogDetailBodyContentCookieInfoFooterContent"><b>Maksimālais uzglabāšanas ilgums</b>: 1 diena</span><span class="CybotCookiebotDialogDetailBodyContentCookieInfoFooterContent"><b>Veids</b>: HTTP sīkfails</span></div></div><div class="CybotCookiebotDialogDetailBodyContentCookieInfo"><strong class="CybotCookiebotDialogDetailBodyContentCookieInfoTitle">pagead/1p-user-list/#</strong><span class="CybotCookiebotDialogDetailBodyContentCookieInfoDescription" lang="en">Tracks if the user has shown interest in specific products or events across multiple websites and detects how the user navigates between sites. This is used for measurement of advertisement efforts and facilitates payment of referral-fees between websites.</span><div class="CybotCookiebotDialogDetailBodyContentCookieInfoFooter"><span class="CybotCookiebotDialogDetailBodyContentCookieInfoFooterContent"><b>Maksimālais uzglabāšanas ilgums</b>: Sesija</span><span class="CybotCookiebotDialogDetailBodyContentCookieInfoFooterContent"><b>Veids</b>: Pikseļu izsekotājs</span></div></div><div class="CybotCookiebotDialogDetailBodyContentCookieInfo"><strong class="CybotCookiebotDialogDetailBodyContentCookieInfoTitle">rc::f</strong><span class="CybotCookiebotDialogDetailBodyContentCookieInfoDescription">Šo sīkfailu izmanto, lai atšķirtu cilvēkus un robotus.</span><div class="CybotCookiebotDialogDetailBodyContentCookieInfoFooter"><span class="CybotCookiebotDialogDetailBodyContentCookieInfoFooterContent"><b>Maksimālais uzglabāšanas ilgums</b>: Paliekošā</span><span class="CybotCookiebotDialogDetailBodyContentCookieInfoFooterContent"><b>Veids</b>: HTML lokālā krātuve</span></div></div></div></li><li class="CybotCookiebotDialogDetailBodyContentCookieGroup"><a class="CybotCookiebotDialogDetailBodyContentCookieProvider CybotCookiebotDialogCollapsed" role="button" aria-expanded="false" href="#">YouTube<div class="CybotCookiebotDialogDetailBodyContentCookieInfoCount CybotCookiebotDialogDetailBulkConsentCount">21</div></a><a class="CybotCookiebotDialogDetailBodyContentCookieLink" target="_blank" rel="noopener noreferrer nofollow" aria-label="Uzņēmuma YouTube konfidencialitātes politika - opens in a new window" href="https://business.safety.google/privacy/" title="Uzņēmuma YouTube konfidencialitātes politika">Uzzināt vairāk par šo pakalpojumu sniedzēju<img class="CybotExternalLinkArrow" src="data:image/png;base64,iVBORw0KGgoAAAANSUhEUgAAABIAAAASCAYAAABWzo5XAAAACXBIWXMAAAsTAAALEwEAmpwYAAAAAXNSR0IArs4c6QAAAARnQU1BAACxjwv8YQUAAAC6SURBVHgBpdTdCcMgEAdwT/vk04EOkBG6QifpHH3rCF2hk3SVvBaEuoDYu4IgRRMv/iEkD/Hn+QnOuatS6gEAqDoJIQC/vfe594+m576FjAZKL6XXkSDiYox5UQFLXZEoNZJzXg9B/0hK6SKGWkiMcRVBewjnNIuURdIzyFBFo0jZPnoGqaMbCEqRJkSNIiFPCfILj7F1GLkySfvuqnFlShDxWesF6D76zF4jPJ/GWvum7/NRjBCegtsXQuuTY/odOJIAAAAASUVORK5CYII=" alt=""></a><div class="CybotCookiebotDialogDetailBodyContentCookieInfoWrapper CybotCookiebotDialogHide"><div class="CybotCookiebotDialogDetailBodyContentCookieInfo"><strong class="CybotCookiebotDialogDetailBodyContentCookieInfoTitle">__Secure-ROLLOUT_TOKEN</strong><span class="CybotCookiebotDialogDetailBodyContentCookieInfoDescription">Nav atzīta</span><div class="CybotCookiebotDialogDetailBodyContentCookieInfoFooter"><span class="CybotCookiebotDialogDetailBodyContentCookieInfoFooterContent"><b>Maksimālais uzglabāšanas ilgums</b>: 180 dienas</span><span class="CybotCookiebotDialogDetailBodyContentCookieInfoFooterContent"><b>Veids</b>: HTTP sīkfails</span></div></div><div class="CybotCookiebotDialogDetailBodyContentCookieInfo"><strong class="CybotCookiebotDialogDetailBodyContentCookieInfoTitle">__Secure-YEC</strong><span class="CybotCookiebotDialogDetailBodyContentCookieInfoDescription" lang="en">Stores the user's video player preferences using embedded YouTube video</span><div class="CybotCookiebotDialogDetailBodyContentCookieInfoFooter"><span class="CybotCookiebotDialogDetailBodyContentCookieInfoFooterContent"><b>Maksimālais uzglabāšanas ilgums</b>: Sesija</span><span class="CybotCookiebotDialogDetailBodyContentCookieInfoFooterContent"><b>Veids</b>: HTTP sīkfails</span></div></div><div class="CybotCookiebotDialogDetailBodyContentCookieInfo"><strong class="CybotCookiebotDialogDetailBodyContentCookieInfoTitle">__Secure-YNID</strong><span class="CybotCookiebotDialogDetailBodyContentCookieInfoDescription">Nav atzīta</span><div class="CybotCookiebotDialogDetailBodyContentCookieInfoFooter"><span class="CybotCookiebotDialogDetailBodyContentCookieInfoFooterContent"><b>Maksimālais uzglabāšanas ilgums</b>: 180 dienas</span><span class="CybotCookiebotDialogDetailBodyContentCookieInfoFooterContent"><b>Veids</b>: HTTP sīkfails</span></div></div><div class="CybotCookiebotDialogDetailBodyContentCookieInfo"><strong class="CybotCookiebotDialogDetailBodyContentCookieInfoTitle">LAST_RESULT_ENTRY_KEY</strong><span class="CybotCookiebotDialogDetailBodyContentCookieInfoDescription">Izmanto, lai izsekotu lietotāja mijiedarbību ar iegulto saturu.</span><div class="CybotCookiebotDialogDetailBodyContentCookieInfoFooter"><span class="CybotCookiebotDialogDetailBodyContentCookieInfoFooterContent"><b>Maksimālais uzglabāšanas ilgums</b>: Sesija</span><span class="CybotCookiebotDialogDetailBodyContentCookieInfoFooterContent"><b>Veids</b>: HTTP sīkfails</span></div></div><div class="CybotCookiebotDialogDetailBodyContentCookieInfo"><strong class="CybotCookiebotDialogDetailBodyContentCookieInfoTitle">LogsDatabaseV2:V#||LogsRequestsStore</strong><span class="CybotCookiebotDialogDetailBodyContentCookieInfoDescription" lang="en">Used to track user’s interaction with embedded content.</span><div class="CybotCookiebotDialogDetailBodyContentCookieInfoFooter"><span class="CybotCookiebotDialogDetailBodyContentCookieInfoFooterContent"><b>Maksimālais uzglabāšanas ilgums</b>: Paliekošā</span><span class="CybotCookiebotDialogDetailBodyContentCookieInfoFooterContent"><b>Veids</b>: IndexedDB</span></div></div><div class="CybotCookiebotDialogDetailBodyContentCookieInfo"><strong class="CybotCookiebotDialogDetailBodyContentCookieInfoTitle">PREF</strong><span class="CybotCookiebotDialogDetailBodyContentCookieInfoDescription" lang="en">Registers a unique ID that is used by Google to keep statistics of how the visitor uses YouTube videos across different websites.</span><div class="CybotCookiebotDialogDetailBodyContentCookieInfoFooter"><span class="CybotCookiebotDialogDetailBodyContentCookieInfoFooterContent"><b>Maksimālais uzglabāšanas ilgums</b>: 2 gadi</span><span class="CybotCookiebotDialogDetailBodyContentCookieInfoFooterContent"><b>Veids</b>: HTTP sīkfails</span></div></div><div class="CybotCookiebotDialogDetailBodyContentCookieInfo"><strong class="CybotCookiebotDialogDetailBodyContentCookieInfoTitle">remote_sid</strong><span class="CybotCookiebotDialogDetailBodyContentCookieInfoDescription">Nepieciešams YouTube video satura ieviešanai un funkcionalitātei vietnē.</span><div class="CybotCookiebotDialogDetailBodyContentCookieInfoFooter"><span class="CybotCookiebotDialogDetailBodyContentCookieInfoFooterContent"><b>Maksimālais uzglabāšanas ilgums</b>: Sesija</span><span class="CybotCookiebotDialogDetailBodyContentCookieInfoFooterContent"><b>Veids</b>: HTTP sīkfails</span></div></div><div class="CybotCookiebotDialogDetailBodyContentCookieInfo"><strong class="CybotCookiebotDialogDetailBodyContentCookieInfoTitle">ServiceWorkerLogsDatabase#SWHealthLog</strong><span class="CybotCookiebotDialogDetailBodyContentCookieInfoDescription">Nepieciešams YouTube video satura ieviešanai un funkcionalitātei vietnē.</span><div class="CybotCookiebotDialogDetailBodyContentCookieInfoFooter"><span class="CybotCookiebotDialogDetailBodyContentCookieInfoFooterContent"><b>Maksimālais uzglabāšanas ilgums</b>: Paliekošā</span><span class="CybotCookiebotDialogDetailBodyContentCookieInfoFooterContent"><b>Veids</b>: IndexedDB</span></div></div><div class="CybotCookiebotDialogDetailBodyContentCookieInfo"><strong class="CybotCookiebotDialogDetailBodyContentCookieInfoTitle">TESTCOOKIESENABLED</strong><span class="CybotCookiebotDialogDetailBodyContentCookieInfoDescription">Izmanto, lai izsekotu lietotāja mijiedarbību ar iegulto saturu.</span><div class="CybotCookiebotDialogDetailBodyContentCookieInfoFooter"><span class="CybotCookiebotDialogDetailBodyContentCookieInfoFooterContent"><b>Maksimālais uzglabāšanas ilgums</b>: 1 diena</span><span class="CybotCookiebotDialogDetailBodyContentCookieInfoFooterContent"><b>Veids</b>: HTTP sīkfails</span></div></div><div class="CybotCookiebotDialogDetailBodyContentCookieInfo"><strong class="CybotCookiebotDialogDetailBodyContentCookieInfoTitle">VISITOR_INFO1_LIVE</strong><span class="CybotCookiebotDialogDetailBodyContentCookieInfoDescription">Mēģina novērtēt lietotāju joslas platumu lapās ar integrētiem YouTube videoklipiem.</span><div class="CybotCookiebotDialogDetailBodyContentCookieInfoFooter"><span class="CybotCookiebotDialogDetailBodyContentCookieInfoFooterContent"><b>Maksimālais uzglabāšanas ilgums</b>: 180 dienas</span><span class="CybotCookiebotDialogDetailBodyContentCookieInfoFooterContent"><b>Veids</b>: HTTP sīkfails</span></div></div><div class="CybotCookiebotDialogDetailBodyContentCookieInfo"><strong class="CybotCookiebotDialogDetailBodyContentCookieInfoTitle">YSC</strong><span class="CybotCookiebotDialogDetailBodyContentCookieInfoDescription">Reģistrē unikālu ID, lai saglabātu statistiku par videoklipiem no YouTube, ko lietotājs ir redzējis.</span><div class="CybotCookiebotDialogDetailBodyContentCookieInfoFooter"><span class="CybotCookiebotDialogDetailBodyContentCookieInfoFooterContent"><b>Maksimālais uzglabāšanas ilgums</b>: Sesija</span><span class="CybotCookiebotDialogDetailBodyContentCookieInfoFooterContent"><b>Veids</b>: HTTP sīkfails</span></div></div><div class="CybotCookiebotDialogDetailBodyContentCookieInfo"><strong class="CybotCookiebotDialogDetailBodyContentCookieInfoTitle">yt-icons-last-purged</strong><span class="CybotCookiebotDialogDetailBodyContentCookieInfoDescription" lang="en">Necessary for the implementation and functionality of YouTube video-content on the website.  </span><div class="CybotCookiebotDialogDetailBodyContentCookieInfoFooter"><span class="CybotCookiebotDialogDetailBodyContentCookieInfoFooterContent"><b>Maksimālais uzglabāšanas ilgums</b>: Paliekošā</span><span class="CybotCookiebotDialogDetailBodyContentCookieInfoFooterContent"><b>Veids</b>: HTML lokālā krātuve</span></div></div><div class="CybotCookiebotDialogDetailBodyContentCookieInfo"><strong class="CybotCookiebotDialogDetailBodyContentCookieInfoTitle">ytidb::LAST_RESULT_ENTRY_KEY</strong><span class="CybotCookiebotDialogDetailBodyContentCookieInfoDescription">Saglabā lietotāja video atskaņotāja preferences, izmantojot iegulto YouTube video</span><div class="CybotCookiebotDialogDetailBodyContentCookieInfoFooter"><span class="CybotCookiebotDialogDetailBodyContentCookieInfoFooterContent"><b>Maksimālais uzglabāšanas ilgums</b>: Paliekošā</span><span class="CybotCookiebotDialogDetailBodyContentCookieInfoFooterContent"><b>Veids</b>: HTML lokālā krātuve</span></div></div><div class="CybotCookiebotDialogDetailBodyContentCookieInfo"><strong class="CybotCookiebotDialogDetailBodyContentCookieInfoTitle">YtIdbMeta#databases</strong><span class="CybotCookiebotDialogDetailBodyContentCookieInfoDescription">Izmanto, lai izsekotu lietotāja mijiedarbību ar iegulto saturu.</span><div class="CybotCookiebotDialogDetailBodyContentCookieInfoFooter"><span class="CybotCookiebotDialogDetailBodyContentCookieInfoFooterContent"><b>Maksimālais uzglabāšanas ilgums</b>: Paliekošā</span><span class="CybotCookiebotDialogDetailBodyContentCookieInfoFooterContent"><b>Veids</b>: IndexedDB</span></div></div><div class="CybotCookiebotDialogDetailBodyContentCookieInfo"><strong class="CybotCookiebotDialogDetailBodyContentCookieInfoTitle">yt-remote-cast-available</strong><span class="CybotCookiebotDialogDetailBodyContentCookieInfoDescription">Saglabā lietotāja video atskaņotāja preferences, izmantojot iegulto YouTube video</span><div class="CybotCookiebotDialogDetailBodyContentCookieInfoFooter"><span class="CybotCookiebotDialogDetailBodyContentCookieInfoFooterContent"><b>Maksimālais uzglabāšanas ilgums</b>: Sesija</span><span class="CybotCookiebotDialogDetailBodyContentCookieInfoFooterContent"><b>Veids</b>: HTML lokālā krātuve</span></div></div><div class="CybotCookiebotDialogDetailBodyContentCookieInfo"><strong class="CybotCookiebotDialogDetailBodyContentCookieInfoTitle">yt-remote-cast-installed</strong><span class="CybotCookiebotDialogDetailBodyContentCookieInfoDescription">Izmantojot demonstrēto YouTube videoklipu, tiek glabāti lietotāja video atskaņotāja uzstādījumi.</span><div class="CybotCookiebotDialogDetailBodyContentCookieInfoFooter"><span class="CybotCookiebotDialogDetailBodyContentCookieInfoFooterContent"><b>Maksimālais uzglabāšanas ilgums</b>: Sesija</span><span class="CybotCookiebotDialogDetailBodyContentCookieInfoFooterContent"><b>Veids</b>: HTML lokālā krātuve</span></div></div><div class="CybotCookiebotDialogDetailBodyContentCookieInfo"><strong class="CybotCookiebotDialogDetailBodyContentCookieInfoTitle">yt-remote-connected-devices</strong><span class="CybotCookiebotDialogDetailBodyContentCookieInfoDescription">Izmantojot demonstrēto YouTube videoklipu, tiek glabāti lietotāja video atskaņotāja uzstādījumi.</span><div class="CybotCookiebotDialogDetailBodyContentCookieInfoFooter"><span class="CybotCookiebotDialogDetailBodyContentCookieInfoFooterContent"><b>Maksimālais uzglabāšanas ilgums</b>: Paliekošā</span><span class="CybotCookiebotDialogDetailBodyContentCookieInfoFooterContent"><b>Veids</b>: HTML lokālā krātuve</span></div></div><div class="CybotCookiebotDialogDetailBodyContentCookieInfo"><strong class="CybotCookiebotDialogDetailBodyContentCookieInfoTitle">yt-remote-device-id</strong><span class="CybotCookiebotDialogDetailBodyContentCookieInfoDescription">Izmantojot demonstrēto YouTube videoklipu, tiek glabāti lietotāja video atskaņotāja uzstādījumi.</span><div class="CybotCookiebotDialogDetailBodyContentCookieInfoFooter"><span class="CybotCookiebotDialogDetailBodyContentCookieInfoFooterContent"><b>Maksimālais uzglabāšanas ilgums</b>: Paliekošā</span><span class="CybotCookiebotDialogDetailBodyContentCookieInfoFooterContent"><b>Veids</b>: HTML lokālā krātuve</span></div></div><div class="CybotCookiebotDialogDetailBodyContentCookieInfo"><strong class="CybotCookiebotDialogDetailBodyContentCookieInfoTitle">yt-remote-fast-check-period</strong><span class="CybotCookiebotDialogDetailBodyContentCookieInfoDescription">Izmantojot demonstrēto YouTube videoklipu, tiek glabāti lietotāja video atskaņotāja uzstādījumi.</span><div class="CybotCookiebotDialogDetailBodyContentCookieInfoFooter"><span class="CybotCookiebotDialogDetailBodyContentCookieInfoFooterContent"><b>Maksimālais uzglabāšanas ilgums</b>: Sesija</span><span class="CybotCookiebotDialogDetailBodyContentCookieInfoFooterContent"><b>Veids</b>: HTML lokālā krātuve</span></div></div><div class="CybotCookiebotDialogDetailBodyContentCookieInfo"><strong class="CybotCookiebotDialogDetailBodyContentCookieInfoTitle">yt-remote-session-app</strong><span class="CybotCookiebotDialogDetailBodyContentCookieInfoDescription">Izmantojot demonstrēto YouTube videoklipu, tiek glabāti lietotāja video atskaņotāja uzstādījumi.</span><div class="CybotCookiebotDialogDetailBodyContentCookieInfoFooter"><span class="CybotCookiebotDialogDetailBodyContentCookieInfoFooterContent"><b>Maksimālais uzglabāšanas ilgums</b>: Sesija</span><span class="CybotCookiebotDialogDetailBodyContentCookieInfoFooterContent"><b>Veids</b>: HTML lokālā krātuve</span></div></div><div class="CybotCookiebotDialogDetailBodyContentCookieInfo"><strong class="CybotCookiebotDialogDetailBodyContentCookieInfoTitle">yt-remote-session-name</strong><span class="CybotCookiebotDialogDetailBodyContentCookieInfoDescription">Izmantojot demonstrēto YouTube videoklipu, tiek glabāti lietotāja video atskaņotāja uzstādījumi.</span><div class="CybotCookiebotDialogDetailBodyContentCookieInfoFooter"><span class="CybotCookiebotDialogDetailBodyContentCookieInfoFooterContent"><b>Maksimālais uzglabāšanas ilgums</b>: Sesija</span><span class="CybotCookiebotDialogDetailBodyContentCookieInfoFooterContent"><b>Veids</b>: HTML lokālā krātuve</span></div></div></div></li></ul></div></div></div></li><li class="CookieCard"><div id="CybotCookiebotDialogDetailBodyContentCookieContainerUnclassifiedCard"><button id="CybotCookiebotDialogDetailBodyContentCookieContainerUnclassified" class="CybotCookiebotDialogDetailBodyContentCookieContainerButton CybotCookiebotDialogCollapsed" lang="lv" data-target="CybotCookiebotDialogDetailBodyContentCookieTabsUnclassified" aria-label="Neklasificēts (21)" aria-controls="CybotCookiebotDialogDetailBodyContentCookieTabsUnclassified" aria-expanded="false">Neklasificēts  <span class="CybotCookiebotDialogDetailBulkConsentCount">21</span></button><div class="CybotCookiebotDialogDetailBodyContentCookieTypeIntro">Neklasificētie sīkfaili ir sīkfaili, kuri atrodas klasificēšanas procesā kopā ar atsevišķiem pakalpojumu sniedzēju sīkfailiem.</div></div><div id="CybotCookiebotDialogDetailBodyContentCookieTabsUnclassified" class="CollapseCard CybotCookiebotDialogHide" aria-labelledby="CybotCookiebotDialogDetailBodyContentCookieContainerUnclassifiedCard" aria-expanded="false"><div class="CybotCookiebotDialogDetailBodyContentCookieTypeTableContainer"><ul class="CybotCookiebotDialogDetailBodyContentCookieTabContent" style="list-style-type: none;"><li class="CybotCookiebotDialogDetailBodyContentCookieGroup"><a class="CybotCookiebotDialogDetailBodyContentCookieProvider CybotCookiebotDialogCollapsed" role="button" aria-expanded="false" href="#">Azure<div class="CybotCookiebotDialogDetailBodyContentCookieInfoCount CybotCookiebotDialogDetailBulkConsentCount">3</div></a><a class="CybotCookiebotDialogDetailBodyContentCookieLink" target="_blank" rel="noopener noreferrer nofollow" aria-label="Uzņēmuma Azure konfidencialitātes politika - opens in a new window" href="https://privacy.microsoft.com/en-us/PrivacyStatement" title="Uzņēmuma Azure konfidencialitātes politika">Uzzināt vairāk par šo pakalpojumu sniedzēju<img class="CybotExternalLinkArrow" src="data:image/png;base64,iVBORw0KGgoAAAANSUhEUgAAABIAAAASCAYAAABWzo5XAAAACXBIWXMAAAsTAAALEwEAmpwYAAAAAXNSR0IArs4c6QAAAARnQU1BAACxjwv8YQUAAAC6SURBVHgBpdTdCcMgEAdwT/vk04EOkBG6QifpHH3rCF2hk3SVvBaEuoDYu4IgRRMv/iEkD/Hn+QnOuatS6gEAqDoJIQC/vfe594+m576FjAZKL6XXkSDiYox5UQFLXZEoNZJzXg9B/0hK6SKGWkiMcRVBewjnNIuURdIzyFBFo0jZPnoGqaMbCEqRJkSNIiFPCfILj7F1GLkySfvuqnFlShDxWesF6D76zF4jPJ/GWvum7/NRjBCegtsXQuuTY/odOJIAAAAASUVORK5CYII=" alt=""></a><div class="CybotCookiebotDialogDetailBodyContentCookieInfoWrapper CybotCookiebotDialogHide"><div class="CybotCookiebotDialogDetailBodyContentCookieInfo"><strong class="CybotCookiebotDialogDetailBodyContentCookieInfoTitle">__ar_d_id</strong><span class="CybotCookiebotDialogDetailBodyContentCookieInfoDescription">Nav atzīta</span><div class="CybotCookiebotDialogDetailBodyContentCookieInfoFooter"><span class="CybotCookiebotDialogDetailBodyContentCookieInfoFooterContent"><b>Maksimālais uzglabāšanas ilgums</b>: 1 gads</span><span class="CybotCookiebotDialogDetailBodyContentCookieInfoFooterContent"><b>Veids</b>: HTTP sīkfails</span></div></div><div class="CybotCookiebotDialogDetailBodyContentCookieInfo"><strong class="CybotCookiebotDialogDetailBodyContentCookieInfoTitle">__ar_si</strong><span class="CybotCookiebotDialogDetailBodyContentCookieInfoDescription">Nav atzīta</span><div class="CybotCookiebotDialogDetailBodyContentCookieInfoFooter"><span class="CybotCookiebotDialogDetailBodyContentCookieInfoFooterContent"><b>Maksimālais uzglabāšanas ilgums</b>: 1 diena</span><span class="CybotCookiebotDialogDetailBodyContentCookieInfoFooterContent"><b>Veids</b>: HTTP sīkfails</span></div></div><div class="CybotCookiebotDialogDetailBodyContentCookieInfo"><strong class="CybotCookiebotDialogDetailBodyContentCookieInfoTitle">__ar_v_id</strong><span class="CybotCookiebotDialogDetailBodyContentCookieInfoDescription">Nav atzīta</span><div class="CybotCookiebotDialogDetailBodyContentCookieInfoFooter"><span class="CybotCookiebotDialogDetailBodyContentCookieInfoFooterContent"><b>Maksimālais uzglabāšanas ilgums</b>: 1 gads</span><span class="CybotCookiebotDialogDetailBodyContentCookieInfoFooterContent"><b>Veids</b>: HTTP sīkfails</span></div></div></div></li><li class="CybotCookiebotDialogDetailBodyContentCookieGroup"><a class="CybotCookiebotDialogDetailBodyContentCookieProvider CybotCookiebotDialogCollapsed" role="button" aria-expanded="false" href="#">Issuu<div class="CybotCookiebotDialogDetailBodyContentCookieInfoCount CybotCookiebotDialogDetailBulkConsentCount">15</div></a><a class="CybotCookiebotDialogDetailBodyContentCookieLink" target="_blank" rel="noopener noreferrer nofollow" aria-label="Uzņēmuma Issuu konfidencialitātes politika - opens in a new window" href="https://issuu.com/legal/privacy" title="Uzņēmuma Issuu konfidencialitātes politika">Uzzināt vairāk par šo pakalpojumu sniedzēju<img class="CybotExternalLinkArrow" src="data:image/png;base64,iVBORw0KGgoAAAANSUhEUgAAABIAAAASCAYAAABWzo5XAAAACXBIWXMAAAsTAAALEwEAmpwYAAAAAXNSR0IArs4c6QAAAARnQU1BAACxjwv8YQUAAAC6SURBVHgBpdTdCcMgEAdwT/vk04EOkBG6QifpHH3rCF2hk3SVvBaEuoDYu4IgRRMv/iEkD/Hn+QnOuatS6gEAqDoJIQC/vfe594+m576FjAZKL6XXkSDiYox5UQFLXZEoNZJzXg9B/0hK6SKGWkiMcRVBewjnNIuURdIzyFBFo0jZPnoGqaMbCEqRJkSNIiFPCfILj7F1GLkySfvuqnFlShDxWesF6D76zF4jPJ/GWvum7/NRjBCegtsXQuuTY/odOJIAAAAASUVORK5CYII=" alt=""></a><div class="CybotCookiebotDialogDetailBodyContentCookieInfoWrapper CybotCookiebotDialogHide"><div class="CybotCookiebotDialogDetailBodyContentCookieInfo"><strong class="CybotCookiebotDialogDetailBodyContentCookieInfoTitle">firstSessionTimestamp</strong><span class="CybotCookiebotDialogDetailBodyContentCookieInfoDescription">Nav atzīta</span><div class="CybotCookiebotDialogDetailBodyContentCookieInfoFooter"><span class="CybotCookiebotDialogDetailBodyContentCookieInfoFooterContent"><b>Maksimālais uzglabāšanas ilgums</b>: Paliekošā</span><span class="CybotCookiebotDialogDetailBodyContentCookieInfoFooterContent"><b>Veids</b>: HTML lokālā krātuve</span></div></div><div class="CybotCookiebotDialogDetailBodyContentCookieInfo"><strong class="CybotCookiebotDialogDetailBodyContentCookieInfoTitle">isFirstSession</strong><span class="CybotCookiebotDialogDetailBodyContentCookieInfoDescription">Nav atzīta</span><div class="CybotCookiebotDialogDetailBodyContentCookieInfoFooter"><span class="CybotCookiebotDialogDetailBodyContentCookieInfoFooterContent"><b>Maksimālais uzglabāšanas ilgums</b>: Sesija</span><span class="CybotCookiebotDialogDetailBodyContentCookieInfoFooterContent"><b>Veids</b>: HTML lokālā krātuve</span></div></div><div class="CybotCookiebotDialogDetailBodyContentCookieInfo"><strong class="CybotCookiebotDialogDetailBodyContentCookieInfoTitle">LOCAL_STORAGE_ID_pico_lsid</strong><span class="CybotCookiebotDialogDetailBodyContentCookieInfoDescription">Nav atzīta</span><div class="CybotCookiebotDialogDetailBodyContentCookieInfoFooter"><span class="CybotCookiebotDialogDetailBodyContentCookieInfoFooterContent"><b>Maksimālais uzglabāšanas ilgums</b>: Paliekošā</span><span class="CybotCookiebotDialogDetailBodyContentCookieInfoFooterContent"><b>Veids</b>: HTML lokālā krātuve</span></div></div><div class="CybotCookiebotDialogDetailBodyContentCookieInfo"><strong class="CybotCookiebotDialogDetailBodyContentCookieInfoTitle">orionV3#identity</strong><span class="CybotCookiebotDialogDetailBodyContentCookieInfoDescription">Nav atzīta</span><div class="CybotCookiebotDialogDetailBodyContentCookieInfoFooter"><span class="CybotCookiebotDialogDetailBodyContentCookieInfoFooterContent"><b>Maksimālais uzglabāšanas ilgums</b>: Paliekošā</span><span class="CybotCookiebotDialogDetailBodyContentCookieInfoFooterContent"><b>Veids</b>: IndexedDB</span></div></div><div class="CybotCookiebotDialogDetailBodyContentCookieInfo"><strong class="CybotCookiebotDialogDetailBodyContentCookieInfoTitle">pico#events</strong><span class="CybotCookiebotDialogDetailBodyContentCookieInfoDescription">Nav atzīta</span><div class="CybotCookiebotDialogDetailBodyContentCookieInfoFooter"><span class="CybotCookiebotDialogDetailBodyContentCookieInfoFooterContent"><b>Maksimālais uzglabāšanas ilgums</b>: Paliekošā</span><span class="CybotCookiebotDialogDetailBodyContentCookieInfoFooterContent"><b>Veids</b>: IndexedDB</span></div></div><div class="CybotCookiebotDialogDetailBodyContentCookieInfo"><strong class="CybotCookiebotDialogDetailBodyContentCookieInfoTitle">pico#keyval</strong><span class="CybotCookiebotDialogDetailBodyContentCookieInfoDescription">Nav atzīta</span><div class="CybotCookiebotDialogDetailBodyContentCookieInfoFooter"><span class="CybotCookiebotDialogDetailBodyContentCookieInfoFooterContent"><b>Maksimālais uzglabāšanas ilgums</b>: Paliekošā</span><span class="CybotCookiebotDialogDetailBodyContentCookieInfoFooterContent"><b>Veids</b>: IndexedDB</span></div></div><div class="CybotCookiebotDialogDetailBodyContentCookieInfo"><strong class="CybotCookiebotDialogDetailBodyContentCookieInfoTitle">PICOX_PING</strong><span class="CybotCookiebotDialogDetailBodyContentCookieInfoDescription">Nav atzīta</span><div class="CybotCookiebotDialogDetailBodyContentCookieInfoFooter"><span class="CybotCookiebotDialogDetailBodyContentCookieInfoFooterContent"><b>Maksimālais uzglabāšanas ilgums</b>: Sesija</span><span class="CybotCookiebotDialogDetailBodyContentCookieInfoFooterContent"><b>Veids</b>: HTML lokālā krātuve</span></div></div><div class="CybotCookiebotDialogDetailBodyContentCookieInfo"><strong class="CybotCookiebotDialogDetailBodyContentCookieInfoTitle">SESSION_STORAGE_ID_pico_lsid</strong><span class="CybotCookiebotDialogDetailBodyContentCookieInfoDescription">Nav atzīta</span><div class="CybotCookiebotDialogDetailBodyContentCookieInfoFooter"><span class="CybotCookiebotDialogDetailBodyContentCookieInfoFooterContent"><b>Maksimālais uzglabāšanas ilgums</b>: Sesija</span><span class="CybotCookiebotDialogDetailBodyContentCookieInfoFooterContent"><b>Veids</b>: HTML lokālā krātuve</span></div></div><div class="CybotCookiebotDialogDetailBodyContentCookieInfo"><strong class="CybotCookiebotDialogDetailBodyContentCookieInfoTitle">SESSION_STORAGE_ID_pico_ssid</strong><span class="CybotCookiebotDialogDetailBodyContentCookieInfoDescription">Nav atzīta</span><div class="CybotCookiebotDialogDetailBodyContentCookieInfoFooter"><span class="CybotCookiebotDialogDetailBodyContentCookieInfoFooterContent"><b>Maksimālais uzglabāšanas ilgums</b>: Sesija</span><span class="CybotCookiebotDialogDetailBodyContentCookieInfoFooterContent"><b>Veids</b>: HTML lokālā krātuve</span></div></div><div class="CybotCookiebotDialogDetailBodyContentCookieInfo"><strong class="CybotCookiebotDialogDetailBodyContentCookieInfoTitle">SESSION_STORAGE_ID_PICOX_SESSION_ID</strong><span class="CybotCookiebotDialogDetailBodyContentCookieInfoDescription">Nav atzīta</span><div class="CybotCookiebotDialogDetailBodyContentCookieInfoFooter"><span class="CybotCookiebotDialogDetailBodyContentCookieInfoFooterContent"><b>Maksimālais uzglabāšanas ilgums</b>: Sesija</span><span class="CybotCookiebotDialogDetailBodyContentCookieInfoFooterContent"><b>Veids</b>: HTML lokālā krātuve</span></div></div><div class="CybotCookiebotDialogDetailBodyContentCookieInfo"><strong class="CybotCookiebotDialogDetailBodyContentCookieInfoTitle">spidersense#event</strong><span class="CybotCookiebotDialogDetailBodyContentCookieInfoDescription">Nav atzīta</span><div class="CybotCookiebotDialogDetailBodyContentCookieInfoFooter"><span class="CybotCookiebotDialogDetailBodyContentCookieInfoFooterContent"><b>Maksimālais uzglabāšanas ilgums</b>: Paliekošā</span><span class="CybotCookiebotDialogDetailBodyContentCookieInfoFooterContent"><b>Veids</b>: IndexedDB</span></div></div><div class="CybotCookiebotDialogDetailBodyContentCookieInfo"><strong class="CybotCookiebotDialogDetailBodyContentCookieInfoTitle">spidersense#setup_response</strong><span class="CybotCookiebotDialogDetailBodyContentCookieInfoDescription">Nav atzīta</span><div class="CybotCookiebotDialogDetailBodyContentCookieInfoFooter"><span class="CybotCookiebotDialogDetailBodyContentCookieInfoFooterContent"><b>Maksimālais uzglabāšanas ilgums</b>: Paliekošā</span><span class="CybotCookiebotDialogDetailBodyContentCookieInfoFooterContent"><b>Veids</b>: IndexedDB</span></div></div><div class="CybotCookiebotDialogDetailBodyContentCookieInfo"><strong class="CybotCookiebotDialogDetailBodyContentCookieInfoTitle">spidersense#user_info</strong><span class="CybotCookiebotDialogDetailBodyContentCookieInfoDescription">Nav atzīta</span><div class="CybotCookiebotDialogDetailBodyContentCookieInfoFooter"><span class="CybotCookiebotDialogDetailBodyContentCookieInfoFooterContent"><b>Maksimālais uzglabāšanas ilgums</b>: Paliekošā</span><span class="CybotCookiebotDialogDetailBodyContentCookieInfoFooterContent"><b>Veids</b>: IndexedDB</span></div></div><div class="CybotCookiebotDialogDetailBodyContentCookieInfo"><strong class="CybotCookiebotDialogDetailBodyContentCookieInfoTitle">spidersense:user_id:v1_issuu_web</strong><span class="CybotCookiebotDialogDetailBodyContentCookieInfoDescription">Nav atzīta</span><div class="CybotCookiebotDialogDetailBodyContentCookieInfoFooter"><span class="CybotCookiebotDialogDetailBodyContentCookieInfoFooterContent"><b>Maksimālais uzglabāšanas ilgums</b>: Paliekošā</span><span class="CybotCookiebotDialogDetailBodyContentCookieInfoFooterContent"><b>Veids</b>: HTML lokālā krātuve</span></div></div><div class="CybotCookiebotDialogDetailBodyContentCookieInfo"><strong class="CybotCookiebotDialogDetailBodyContentCookieInfoTitle">COOKIE_ID_pico_lsid</strong><span class="CybotCookiebotDialogDetailBodyContentCookieInfoDescription">Nav atzīta</span><div class="CybotCookiebotDialogDetailBodyContentCookieInfoFooter"><span class="CybotCookiebotDialogDetailBodyContentCookieInfoFooterContent"><b>Maksimālais uzglabāšanas ilgums</b>: 1 gads</span><span class="CybotCookiebotDialogDetailBodyContentCookieInfoFooterContent"><b>Veids</b>: HTTP sīkfails</span></div></div></div></li><li class="CybotCookiebotDialogDetailBodyContentCookieGroup"><a class="CybotCookiebotDialogDetailBodyContentCookieProvider CybotCookiebotDialogCollapsed" role="button" aria-expanded="false" href="#">ar-mtch1.com<div class="CybotCookiebotDialogDetailBodyContentCookieInfoCount CybotCookiebotDialogDetailBulkConsentCount">3</div></a><div class="CybotCookiebotDialogDetailBodyContentCookieInfoWrapper CybotCookiebotDialogHide"><div class="CybotCookiebotDialogDetailBodyContentCookieInfo"><strong class="CybotCookiebotDialogDetailBodyContentCookieInfoTitle">adrakerv2did</strong><span class="CybotCookiebotDialogDetailBodyContentCookieInfoDescription">Nav atzīta</span><div class="CybotCookiebotDialogDetailBodyContentCookieInfoFooter"><span class="CybotCookiebotDialogDetailBodyContentCookieInfoFooterContent"><b>Maksimālais uzglabāšanas ilgums</b>: 1 gads</span><span class="CybotCookiebotDialogDetailBodyContentCookieInfoFooterContent"><b>Veids</b>: HTTP sīkfails</span></div></div><div class="CybotCookiebotDialogDetailBodyContentCookieInfo"><strong class="CybotCookiebotDialogDetailBodyContentCookieInfoTitle">adrakerv2vid</strong><span class="CybotCookiebotDialogDetailBodyContentCookieInfoDescription">Nav atzīta</span><div class="CybotCookiebotDialogDetailBodyContentCookieInfoFooter"><span class="CybotCookiebotDialogDetailBodyContentCookieInfoFooterContent"><b>Maksimālais uzglabāšanas ilgums</b>: 1 gads</span><span class="CybotCookiebotDialogDetailBodyContentCookieInfoFooterContent"><b>Veids</b>: HTTP sīkfails</span></div></div><div class="CybotCookiebotDialogDetailBodyContentCookieInfo"><strong class="CybotCookiebotDialogDetailBodyContentCookieInfoTitle">arclickid</strong><span class="CybotCookiebotDialogDetailBodyContentCookieInfoDescription">Nav atzīta</span><div class="CybotCookiebotDialogDetailBodyContentCookieInfoFooter"><span class="CybotCookiebotDialogDetailBodyContentCookieInfoFooterContent"><b>Maksimālais uzglabāšanas ilgums</b>: Sesija</span><span class="CybotCookiebotDialogDetailBodyContentCookieInfoFooterContent"><b>Veids</b>: HTTP sīkfails</span></div></div></div></li></ul></div></div></li></ul></div></div></div><div id="CybotCookiebotDialogDetailBulkConsent" lang="lv" style="display: none;"><a id="CybotCookiebotDialogDetailBulkConsentLink" href="#" class="CybotExpandLink CybotCookiebotDialogCollapsed" data-target="CybotCookiebotDialogDetailBulkConsentListWrapper">Starpdomēnu piekrišana<span class="CybotCookiebotDialogDetailBulkConsentCount">[#BULK_CONSENT_DOMAINS_COUNT#]</span></a> [#BULK_CONSENT_TITLE#]<div id="CybotCookiebotDialogDetailBulkConsentListWrapper" class="CybotCookiebotDialogHide" aria-expanded="false"><span>Domēnu saraksts, uz kuriem attiecas jūsu piekrišana:</span> [#BULK_CONSENT_DOMAINS#]</div></div><div id="CybotCookiebotDialogDetailFooter" lang="lv">Sīkdatņu deklarācija pēdējo reizi atjaunota 08.02.26 ar <a href="https://www.cookiebot.com" target="_blank" rel="noopener" title="Cookiebot ">Cookiebot</a></div></div></div><div class="CybotCookiebotScrollbarContainer"></div></div><div class="CybotCookiebotScrollContainer CybotCookiebotDialogHide"><div id="CybotCookiebotDialogDetailBodyContentTextIABv2" class="CybotCookiebotDialogTabPanel CybotCookiebotDialogHide CybotCookiebotScrollArea" role="tabpanel" aria-labelledby="CybotCookiebotDialogNavAdSettings" lang="lv"><div class="CybotCookiebotFader" style="background-image: linear-gradient(to top, rgb(255, 255, 255), rgba(255, 255, 255, 0.8), rgba(255, 255, 255, 0));"></div><div id="CybotCookiebotDialogDetailBodyContentIABContainer"><div id="CybotCookiebotDialogDetailBodyContentIABv2Tabs"><div class="CybotCookiebotDialogDetailBodyContentIABv2TabsIntro"><div class="CybotCookiebotDialogBodyContentHeading" role="heading" aria-level="2">[#IABV2_TITLE#]</div>[#IABV2_BODY_INTRO#]</div><div class="CybotCookiebotDialogDetailBodyContentIABv2TabsIntro">[#IABV2_BODY_LEGITIMATE_INTEREST_INTRO#]</div><div class="CybotCookiebotDialogDetailBodyContentIABv2TabsIntro">[#IABV2_BODY_PREFERENCE_INTRO#]</div><div class="CookieCard"><div id="CybotCookiebotDialogDetailBodyContentIABv2PurposesCard"><button id="CybotCookiebotDialogDetailBodyContentIABv2Purposes" class="CybotCookiebotDialogDetailBodyContentIABv2Tab CybotCookiebotDialogCollapsed" tabindex="0" data-target="CybotCookiebotDialogDetailBodyContentIABv2PurposesBody" lang="lv" aria-label="[#IABV2_LABEL_PURPOSES_ARIA_LABEL#]" aria-controls="CybotCookiebotDialogDetailBodyContentIABv2PurposesBody">[#IABV2_LABEL_PURPOSES#]</button><div class="CybotCookiebotDialogDetailBodyContentIABv2CardIntro">[#IABV2_BODY_PURPOSES_INTRO#]</div></div><div id="CybotCookiebotDialogDetailBodyContentIABv2PurposesBody" class="CollapseCard CybotCookiebotDialogHide" aria-labelledby="CybotCookiebotDialogDetailBodyContentIABv2PurposesCard" aria-expanded="false">[#IABV2_BODY_PURPOSES#]</div></div><div class="CookieCard"><div id="CybotCookiebotDialogDetailBodyContentIABv2FeaturesCard"><button id="CybotCookiebotDialogDetailBodyContentIABv2Features" class="CybotCookiebotDialogDetailBodyContentIABv2Tab CybotCookiebotDialogCollapsed" tabindex="0" data-target="CybotCookiebotDialogDetailBodyContentIABv2FeaturesBody" lang="lv" aria-label="[#IABV2_LABEL_FEATURES_ARIA_LABEL#]" aria-controls="CybotCookiebotDialogDetailBodyContentIABv2FeaturesBody">[#IABV2_LABEL_FEATURES#]</button><div class="CybotCookiebotDialogDetailBodyContentIABv2CardIntro">[#IABV2_BODY_FEATURES_INTRO#]</div></div><div id="CybotCookiebotDialogDetailBodyContentIABv2FeaturesBody" class="CollapseCard CybotCookiebotDialogHide" aria-labelledby="CybotCookiebotDialogDetailBodyContentIABv2FeaturesCard" aria-expanded="false">[#IABV2_BODY_FEATURES#]</div></div><div class="CookieCard"><div id="CybotCookiebotDialogDetailBodyContentIABv2PartnersCard"><button id="CybotCookiebotDialogDetailBodyContentIABv2Partners" class="CybotCookiebotDialogDetailBodyContentIABv2Tab CybotCookiebotDialogCollapsed" tabindex="0" data-target="CybotCookiebotDialogDetailBodyContentIABv2PartnersBody" lang="lv" aria-label="[#IABV2_LABEL_PARTNERS_ARIA_LABEL#]" aria-controls="CybotCookiebotDialogDetailBodyContentIABv2PartnersBody">[#IABV2_LABEL_PARTNERS#]</button><div class="CybotCookiebotDialogDetailBodyContentIABv2CardIntro">[#IABV2_BODY_PARTNERS_INTRO#]</div></div><div id="CybotCookiebotDialogDetailBodyContentIABv2PartnersBody" class="CollapseCard CybotCookiebotDialogHide" aria-labelledby="CybotCookiebotDialogDetailBodyContentIABv2PartnersCard" aria-expanded="false">[#IABV2_BODY_PARTNERS#]</div></div></div></div></div><div class="CybotCookiebotScrollbarContainer"></div></div><div class="CybotCookiebotScrollContainer CybotCookiebotDialogHide"><div id="CybotCookiebotDialogDetailBodyContentTextAbout" class="CybotCookiebotDialogTabPanel CybotCookiebotDialogHide CybotCookiebotScrollArea" role="tabpanel" aria-labelledby="CybotCookiebotDialogNavAbout" lang="lv"><div class="CybotCookiebotDialogSROnly" role="heading" aria-level="2">Par</div><div class="CybotCookiebotFader" style="background-image: linear-gradient(to top, rgb(255, 255, 255), rgba(255, 255, 255, 0.8), rgba(255, 255, 255, 0));"></div>Sīkfaili ir mazi teksta faili, ko var izmantot tīmekļa vietnēs, lai lietotāja pieredzi padarītu efektīvāku.<br style=""><br style="">Likums nosaka, ka mēs varam saglabāt sīkfailus jūsu ierīcē, ja tie ir pilnīgi nepieciešams šīs vietnes darbībai. Citu veidu sīkfailiem ir nepieciešama jūsu atļauja.<br style=""><br style="">Š īvietne izmanto dažādu veidu sīkdatnes. Daži sīkfaili tiek izvietoti pēc trešās puses pakalpojumiem, kas parādās mūsu lapās.<br style=""><br style="">Jūs varat jebkurā laikā mainīt vai atsaukt savu piekrišanu, izmantojot mūsu tīmekļa vietnes sadaļu Sīkdatņu deklarēšana.<br style=""><br style=""><a href="https://www.maxima.lv/privatuma-politika-2" style="">Privātuma politikā</a> varat uzzināt, kas mēs esam, kā jūs varat ar mums sazināties un kā mēs apstrādājam personas datus.<br style=""><br style="">Kad sazinaties ar mums par savu piekrišanu, ludzu, noradiet piekrišanas ID un datumu.</div><div class="CybotCookiebotScrollbarContainer"></div></div></div><div id="CybotCookiebotDialogFooter" class="CybotCookiebotScrollContainer"><div class="CybotCookiebotScrollArea"><div id="CybotCookiebotDialogBodyButtons"><div class="CybotCookiebotDialogBodyLevelButtonWrapper CybotCookiebotDialogBodyContentControlsWrapper CybotCookiebotDialogHide CybotCookiebotDialogBodyLevelButtonSliderWrapperFullWidth"><div role="group" class="CybotCookiebotDialogBodyLevelButtonSliderWrapper"><input type="checkbox" id="CybotCookiebotDialogBodyContentCheckboxPersonalInformation" class="CybotCookiebotDialogBodyLevelButton"> <span class="CybotCookiebotDialogBodyLevelButtonSlider"></span></div><label class="CybotCookiebotDialogBodyLevelButtonLabel" for="CybotCookiebotDialogBodyContentCheckboxPersonalInformation"><strong class="CybotCookiebotDialogBodyLevelButtonDescription">Nepārdodiet un nedalieties ar manu personisko informāciju</strong></label></div><div id="CybotCookiebotDialogBodyButtonsWrapper"><button id="CybotCookiebotDialogBodyLevelButtonLevelOptinAllowAll" class="CybotCookiebotDialogBodyButton" tabindex="0" lang="lv">Atļaut visus sīkfailus</button><button id="CybotCookiebotDialogBodyLevelButtonCustomize" class="CybotCookiebotDialogBodyButton CybotCookiebotDialogHide" tabindex="0" lang="lv">Pielāgot<div class="CybotCookiebotDialogArrow"></div></button><button id="CybotCookiebotDialogBodyLevelButtonLevelOptinAllowallSelection" class="CybotCookiebotDialogBodyButton CybotCookiebotDialogHide" tabindex="0" lang="lv">Atļaut tikai atlasītos </button><button id="CybotCookiebotDialogBodyButtonDecline" class="CybotCookiebotDialogBodyButton" tabindex="0" lang="lv">Lietot tikai nepieciešamos sīkfailus</button></div></div></div><div class="CybotCookiebotScrollbarContainer"></div></div></div></div>

<!-- Adform and cookiebot bg-->
<!-- cookiebot bg -->
<div id="cookiebot-bg" style="display: block;"></div>

<!-- Adform Tracking Code BEGIN -->
<script type="text/plain" data-cookieconsent="marketing">
    window._adftrack = Array.isArray(window._adftrack) ? window._adftrack : (window._adftrack ? [window._adftrack] : []);
    window._adftrack.push({
        pm: 864951
    });

    (function () { var s = document.createElement('script'); s.type = 'text/javascript'; s.async = true; s.src = 'https://track.adform.net/serving/scripts/trackpoint/async/'; var x = document.getElementsByTagName('script')[0]; x.parentNode.insertBefore(s, x); })();
</script>
<!-- Adform Tracking Code END -->


  <link href="/css/front/header.css?1769004130" rel="stylesheet" type="text/css">
<script src="/js/front/menu.js?1757407483" type="text/javascript" data-cookieconsent="ignore"></script>


<header>
    <div class="header-content-desktop">
                <div class="header-top-row">
            <a class="header-logo" href="/" role="button" aria-label="MAXIMA">
                <img src="/images/front/logos/maxima.svg" alt="MAXIMA">
            </a>
            <div class="header-top-row-nav">
                                                            <a class="header-nav-item" href="https://vakances.maxima.lv/" onclick="if (!window.__cfRLUnblockHandlers) return false; ga('send', 'event', {
                              eventCategory: 'Top menu',
                              eventAction: 'Click',
                              eventLabel: 'Vakances'
                           })">
                            Vakances                        </a>
                                                                                <a class="header-nav-item" href="/piedavajumi" onclick="if (!window.__cfRLUnblockHandlers) return false; ga('send', 'event', {
                              eventCategory: 'Top menu',
                              eventAction: 'Click',
                              eventLabel: 'Piedāvājumi'
                           })">
                            Piedāvājumi                        </a>
                                                                                <a class="header-nav-item" href="/veikalu-kedes" onclick="if (!window.__cfRLUnblockHandlers) return false; ga('send', 'event', {
                              eventCategory: 'Top menu',
                              eventAction: 'Click',
                              eventLabel: 'Veikalu karte'
                           })">
                            Veikalu karte                        </a>
                                    
                                    <a href="/paldies/paldies-konts" class="header-top-row-side-block loyalty2" onclick="if (!window.__cfRLUnblockHandlers) return false; ga('send', 'event', {
                                eventCategory: 'Top menu',
                                eventAction: 'Click',
                                eventLabel: 'Pierakstīties'
                       })" role="button" aria-label="Mans PALDIES">
                        <div class="loyalty-button">
                            <img class="loyalty-card-logo" src="/images/front/layout/paldies.png?v2" alt="">
                            <p>Mans PALDIES</p>
                        </div>
                    </a>
                
                <div class="header-top-row-side-block more" tabindex="0" role="button" aria-pressed="false" aria-label="Page menu">
                    <div class="more-line"></div>
                    <div class="more-line"></div>
                    <div class="more-line"></div>
                </div>

                <div class="header-top-row-icons-block">
                    <a class="header-nav-icon-item barbora" href="https://www.barbora.lv" target="_blank" onclick="if (!window.__cfRLUnblockHandlers) return false; ga('send', 'event', {
                                eventCategory: 'Top Menu',
                                eventAction: 'Click',
                                eventLabel: 'Barbora'
                            })" role="button" aria-label="Barbora" title="Barbora">
                        <img src="/images/front/modules/header/barbora2.svg" alt="">
                    </a>
                </div>

                <div class="header-top-row-icons-block">
                    <a class="header-nav-icon-item accessibility" onclick="if (!window.__cfRLUnblockHandlers) return false; ga('send', 'event', {
                                eventCategory: 'Top Menu',
                                eventAction: 'Click',
                                eventLabel: 'Accessibility'
                            })" tabindex="0" role="button" aria-label="Piekļūstamība" title="Piekļūstamība">
                        <img src="/images/front/modules/header/accessibility.png" class="light-theme-img" alt="">
                        <img src="/images/front/modules/header/accessibility-white.png" class="dark-theme-img" alt="">
                    </a>
                    <div class="accessibility-dropdown" style="display: none">
                        <a href="/?accessibility=off" class="accessibility-off-btn" role="button" title="Atcelt izmaiņas">
                            &nbsp;
                        </a>
                        <div class="accessibility-title top">Piekļūstamība</div>
                        <a href="/piedavajumi?easy-view=on" class="easy-view-switch" role="button">
                            Viegli lasīt
                        </a>
                        <div class="accessibility-title">Kontrasts</div>
                        <a href="/piedavajumi?high-contrast=on" class="high-contrast-switch" role="button">
                            Augsts kontrasts
                        </a>
                        <div class="accessibility-title">Tumšs augsts kontrasts</div>
                        <a href="/piedavajumi?dark-theme=on" class="dark-theme-switch" role="button">
                            Tumšs augsts kontrasts
                        </a>
                        <div class="accessibility-title">Fonta izmērs</div>
                        <div class="accessibility-zoom-levels">
                            <a href="/piedavajumi?zoom=100" class="accessibility-zoom-level" role="button">
                                100%
                            </a>
                            <a href="/piedavajumi?zoom=150" class="accessibility-zoom-level" role="button">
                                150%
                            </a>
                            <a href="/piedavajumi?zoom=200" class="accessibility-zoom-level" role="button">
                                200%
                            </a>
                        </div>
                        <!--<a href="/?accessibility=off" class="accessibility-off" role="button">
                            Atcelt izmaiņas
                        </a>-->

                    </div>
                </div>


                <div class="header-top-row-language-block">
                    <a class="selected-language" tabindex="0" role="button" aria-label="Mainīt valodu">
                        <img src="/images/front/layout/lv-flag.svg" alt="Mainīt valodu">
                        <img class="language-arrow" src="/images/front/layout/down-fill.svg" alt="Mainīt valodu">
                    </a>
                    <div class="language-dropdown">
                        <a href="/en" role="button" aria-label="Angļu valoda">
                            <img src="/images/front/layout/uk-flag.svg" alt="Angļu valoda">
                        </a>
                        <a href="/ru" role="button" aria-label="Krievu valoda">
                            <img src="/images/front/layout/ru-flag.svg" alt="Krievu valoda">
                        </a>
                    </div>
                </div>
            </div>
        </div>
        <div class="header-bottom-row">
            <div class="bottom-row-side-background"></div>
            <div class="header-bottom-row-nav">
                <div class="bottom-nav-left">
                                                                        <a onclick="if (!window.__cfRLUnblockHandlers) return false; ga('send', 'event', {
                                        eventCategory: 'Top menu',
                                        eventAction: 'Click',
                                        eventLabel: 'Lietotne'
                                    })" class="bottom-nav-left-link" href="/lietotne">
                                Lietotne                            </a>
                                                                                                <a onclick="if (!window.__cfRLUnblockHandlers) return false; ga('send', 'event', {
                                        eventCategory: 'Top menu',
                                        eventAction: 'Click',
                                        eventLabel: 'Dāvanu karte'
                                    })" class="bottom-nav-left-link" href="/davanukarte">
                                Dāvanu karte                            </a>
                                                                                                <a onclick="if (!window.__cfRLUnblockHandlers) return false; ga('send', 'event', {
                                        eventCategory: 'Top menu',
                                        eventAction: 'Click',
                                        eventLabel: 'UZŅĒMUMU karte'
                                    })" class="bottom-nav-left-link" href="/uznemumukarte">
                                UZŅĒMUMU karte                            </a>
                                                                                                <a onclick="if (!window.__cfRLUnblockHandlers) return false; ga('send', 'event', {
                                        eventCategory: 'Top menu',
                                        eventAction: 'Click',
                                        eventLabel: 'Mazuļu klubs'
                                    })" class="bottom-nav-left-link" href="/mazuluklubs">
                                Mazuļu klubs                            </a>
                                                                                                <a onclick="if (!window.__cfRLUnblockHandlers) return false; ga('send', 'event', {
                                        eventCategory: 'Top menu',
                                        eventAction: 'Click',
                                        eventLabel: 'Ēstprieks'
                                    })" class="bottom-nav-left-link" href="/estprieks">
                                Ēstprieks                            </a>
                                            
                    <div class="bottom-nav-left-social-links">

                        <div class="li-icon-links">
                            <ul class="li-icon-links__list">
                                <li class="li-icon-links__item">
                                    <a href="https://www.facebook.com/MaximaLV" target="_blank" class="li-icon-links__link" role="button" aria-label="facebook">
                                        <div class="li-icon-links__icon li-icon-links__icon--facebook" aria-hidden="true"></div>
                                    </a>
                                </li>
                                <li class="li-icon-links__item">
                                    <a href="https://www.instagram.com/maxima.lv" target="_blank" class="li-icon-links__link" role="button" aria-label="instagram">
                                        <div class="li-icon-links__icon li-icon-links__icon--instagram" aria-hidden="true"></div>
                                    </a>
                                </li>
                                <li class="li-icon-links__item">
                                    <a href="https://www.tiktok.com/@maxima.lv" target="_blank" class="li-icon-links__link" role="button" aria-label="tiktok">
                                        <div class="li-icon-links__icon li-icon-links__icon--tiktok" aria-hidden="true"></div>
                                    </a>
                                </li>
                                <li class="li-icon-links__item">
                                    <a href="https://lv.linkedin.com/company/maxima-latvija" target="_blank" class="li-icon-links__link" role="button" aria-label="linkedin">
                                        <div class="li-icon-links__icon li-icon-links__icon--linkedin" aria-hidden="true"></div>
                                    </a>
                                </li>
                            </ul>
                        </div>

                    </div>

                    <p class="bottom-nav-left-phone-text">Informatīvais tālrunis (8-22)</p>
                    <a href="tel:8 000 2020" class="bottom-nav-left-phone">8 000 2020</a>
                    <!--<a href="mailto:info@maxima.lv" class="bottom-nav-left-email">info@maxima.lv</a>-->
                    <div class="btn-support js-support-popup new-line">
                        Sazinies ar mums
                    </div>

                    <a href="/par-uznemumu#trauksmes-celsana" target="_blank" class="lv-contacts__link new-line">
                        Trauksmes celšana
                    </a>
                </div>
                <div class="bottom-nav-right">
                                            <div class="bottom-nav-right-item">
                                                            <p class="bottom-right-nav-item-header">Kas mēs esam</p>
                                                                                                                        <a class="bottom-right-nav-item-link" href="/par-uznemumu" onclick="if (!window.__cfRLUnblockHandlers) return false; ga('send', 'event', {
                                                eventCategory: 'Top menu',
                                                eventAction: 'Click',
                                                eventLabel: 'Par MAXIMA'
                                                });">Par MAXIMA</a>
                                                                                            <a class="bottom-right-nav-item-link" href="/mediju-telpa/apbalvojumi" onclick="if (!window.__cfRLUnblockHandlers) return false; ga('send', 'event', {
                                                eventCategory: 'Top menu',
                                                eventAction: 'Click',
                                                eventLabel: 'Apbalvojumi'
                                                });">Apbalvojumi</a>
                                                                                            <a class="bottom-right-nav-item-link" href="/pakalpojumi" onclick="if (!window.__cfRLUnblockHandlers) return false; ga('send', 'event', {
                                                eventCategory: 'Top menu',
                                                eventAction: 'Click',
                                                eventLabel: 'Pakalpojumi'
                                                });">Pakalpojumi</a>
                                                    </div>
                                            <div class="bottom-nav-right-item">
                                                            <p class="bottom-right-nav-item-header">Aktualitātes</p>
                                                                                                                        <a class="bottom-right-nav-item-link" href="/trendi" onclick="if (!window.__cfRLUnblockHandlers) return false; ga('send', 'event', {
                                                eventCategory: 'Top menu',
                                                eventAction: 'Click',
                                                eventLabel: 'Trendi'
                                                });">Trendi</a>
                                                                                            <a class="bottom-right-nav-item-link" href="/zila-cena-zema-cena" onclick="if (!window.__cfRLUnblockHandlers) return false; ga('send', 'event', {
                                                eventCategory: 'Top menu',
                                                eventAction: 'Click',
                                                eventLabel: 'Zila cena - zema cena'
                                                });">Zila cena - zema cena</a>
                                                                                            <a class="bottom-right-nav-item-link" href="/zemocenugrozs" onclick="if (!window.__cfRLUnblockHandlers) return false; ga('send', 'event', {
                                                eventCategory: 'Top menu',
                                                eventAction: 'Click',
                                                eventLabel: 'Zemo cenu grozs'
                                                });">Zemo cenu grozs</a>
                                                                                            <a class="bottom-right-nav-item-link" href="/pienafestivals" onclick="if (!window.__cfRLUnblockHandlers) return false; ga('send', 'event', {
                                                eventCategory: 'Top menu',
                                                eventAction: 'Click',
                                                eventLabel: 'Piena festivāls'
                                                });">Piena festivāls</a>
                                                    </div>
                                            <div class="bottom-nav-right-item">
                                                            <a href="/mediju-telpa" target="_blank" class="bottom-right-nav-item-header">Mediju telpa</a>
                                                                                                                        <a class="bottom-right-nav-item-link" href="/mediju-telpa/preses-relizes" onclick="if (!window.__cfRLUnblockHandlers) return false; ga('send', 'event', {
                                                eventCategory: 'Top menu',
                                                eventAction: 'Click',
                                                eventLabel: 'Preses relīzes'
                                                });">Preses relīzes</a>
                                                    </div>
                                            <div class="bottom-nav-right-item">
                                                            <p class="bottom-right-nav-item-header">Biznesa klientiem</p>
                                                                                                                        <a class="bottom-right-nav-item-link" href="/biznesa-partneriem" onclick="if (!window.__cfRLUnblockHandlers) return false; ga('send', 'event', {
                                                eventCategory: 'Top menu',
                                                eventAction: 'Click',
                                                eventLabel: 'Telpu noma'
                                                });">Telpu noma</a>
                                                                                            <a class="bottom-right-nav-item-link" href="/maksajumi-ar-parskaitijumu" onclick="if (!window.__cfRLUnblockHandlers) return false; ga('send', 'event', {
                                                eventCategory: 'Top menu',
                                                eventAction: 'Click',
                                                eventLabel: 'Maksājumi ar pārskaitījumu'
                                                });">Maksājumi ar pārskaitījumu</a>
                                                                                            <a class="bottom-right-nav-item-link" href="/liguma-pielikumi-veidlapas" onclick="if (!window.__cfRLUnblockHandlers) return false; ga('send', 'event', {
                                                eventCategory: 'Top menu',
                                                eventAction: 'Click',
                                                eventLabel: 'Līguma pielikumi/veidlapas'
                                                });">Līguma pielikumi/veidlapas</a>
                                                    </div>
                                            <div class="bottom-nav-right-item">
                                                            <p class="bottom-right-nav-item-header">Ilgtspēja</p>
                                                                                                                        <a class="bottom-right-nav-item-link" href="/ilgtspeja/rupes-par-vidi" onclick="if (!window.__cfRLUnblockHandlers) return false; ga('send', 'event', {
                                                eventCategory: 'Top menu',
                                                eventAction: 'Click',
                                                eventLabel: 'Atbildība par vidi'
                                                });">Atbildība par vidi</a>
                                                                                            <a class="bottom-right-nav-item-link" href="/ilgtspeja/rupes-par-sabiedribu" onclick="if (!window.__cfRLUnblockHandlers) return false; ga('send', 'event', {
                                                eventCategory: 'Top menu',
                                                eventAction: 'Click',
                                                eventLabel: 'Rūpes par sabiedrību'
                                                });">Rūpes par sabiedrību</a>
                                                                                            <a class="bottom-right-nav-item-link" href="/par-uznemumu" onclick="if (!window.__cfRLUnblockHandlers) return false; ga('send', 'event', {
                                                eventCategory: 'Top menu',
                                                eventAction: 'Click',
                                                eventLabel: 'Korporatīvā pārvaldība'
                                                });">Korporatīvā pārvaldība</a>
                                                                                            <a class="bottom-right-nav-item-link" href="/depozits" onclick="if (!window.__cfRLUnblockHandlers) return false; ga('send', 'event', {
                                                eventCategory: 'Top menu',
                                                eventAction: 'Click',
                                                eventLabel: 'Depozīta sistēma'
                                                });">Depozīta sistēma</a>
                                                    </div>
                                            <div class="bottom-nav-right-item">
                                                            <p class="bottom-right-nav-item-header">Īsceļi</p>
                                                                                                                        <a class="bottom-right-nav-item-link" href="/datu-drosiba" onclick="if (!window.__cfRLUnblockHandlers) return false; ga('send', 'event', {
                                                eventCategory: 'Top menu',
                                                eventAction: 'Click',
                                                eventLabel: 'KONTA DROŠĪBA'
                                                });">KONTA DROŠĪBA</a>
                                                                                            <a class="bottom-right-nav-item-link" href="/wel/cenulideri" onclick="if (!window.__cfRLUnblockHandlers) return false; ga('send', 'event', {
                                                eventCategory: 'Top menu',
                                                eventAction: 'Click',
                                                eventLabel: 'CENU LĪDERI'
                                                });">CENU LĪDERI</a>
                                                                                            <a class="bottom-right-nav-item-link" href="/welldone" onclick="if (!window.__cfRLUnblockHandlers) return false; ga('send', 'event', {
                                                eventCategory: 'Top menu',
                                                eventAction: 'Click',
                                                eventLabel: 'Well done'
                                                });">Well done</a>
                                                                                            <a class="bottom-right-nav-item-link" href="/circle-k" onclick="if (!window.__cfRLUnblockHandlers) return false; ga('send', 'event', {
                                                eventCategory: 'Top menu',
                                                eventAction: 'Click',
                                                eventLabel: 'Circle K'
                                                });">Circle K</a>
                                                    </div>
                                    </div>
            </div>
        </div>
    </div>
    <div class="header-content-mobile">
        <div class="header-closed">
            <div class="closed-content">
                <div class="closed-more" id="closed-more">
                    <div class="more-line"></div>
                    <div class="more-line"></div>
                    <div class="more-line"></div>
                </div>
                <a href="/" role="button" aria-label="MAXIMA">
                    <img class="closed-logo" src="/images/front/logos/maxima.svg" alt="MAXIMA">
                </a>
                <a href="/paldies/paldies-konts" class="closed-loyalty " role="button" aria-label="Paldies" title="Paldies">
                                    </a>
            </div>
        </div>
        <div id="mobile-side-nav" class="header-open">
            <div class="header-open-left">
                <div class="mobile-links-primary">

                    <a class="mobile-link top mobile-link-primary" href="/paldies/paldies-konts" style="margin-bottom: -6px;" onclick="if (!window.__cfRLUnblockHandlers) return false; ga('send', 'event', {
                            eventCategory: 'Top menu',
                            eventAction: 'Click',
                            eventLabel: 'Paldies'
                            })">
                        Mans PALDIES <span class="nav-paldies-icon"></span>
                    </a>

                                                                        <a onclick="if (!window.__cfRLUnblockHandlers) return false; ga('send', 'event', {
                                    eventCategory: 'Top menu',
                                    eventAction: 'Click',
                                    eventLabel: 'Vakances'
                                })" class="mobile-link top" href="https://vakances.maxima.lv/">
                                Vakances                            </a>
                                                                                                <a onclick="if (!window.__cfRLUnblockHandlers) return false; ga('send', 'event', {
                                    eventCategory: 'Top menu',
                                    eventAction: 'Click',
                                    eventLabel: 'Piedāvājumi'
                                })" class="mobile-link top" href="/piedavajumi">
                                Piedāvājumi                            </a>
                                                                                                <a onclick="if (!window.__cfRLUnblockHandlers) return false; ga('send', 'event', {
                                    eventCategory: 'Top menu',
                                    eventAction: 'Click',
                                    eventLabel: 'Veikalu karte'
                                })" class="mobile-link top" href="/veikalu-kedes">
                                Veikalu karte                            </a>
                                            
                    <div class="mobile-link-separator"></div>

                                                                        <a onclick="if (!window.__cfRLUnblockHandlers) return false; ga('send', 'event', {
                                    eventCategory: 'Top menu',
                                    eventAction: 'Click',
                                    eventLabel: 'Lietotne'
                                })" class="mobile-link bot" href="/lietotne">
                                Lietotne                            </a>
                                                                                                <a onclick="if (!window.__cfRLUnblockHandlers) return false; ga('send', 'event', {
                                    eventCategory: 'Top menu',
                                    eventAction: 'Click',
                                    eventLabel: 'Dāvanu karte'
                                })" class="mobile-link bot" href="/davanukarte">
                                Dāvanu karte                            </a>
                                                                                                <a onclick="if (!window.__cfRLUnblockHandlers) return false; ga('send', 'event', {
                                    eventCategory: 'Top menu',
                                    eventAction: 'Click',
                                    eventLabel: 'UZŅĒMUMU karte'
                                })" class="mobile-link bot" href="/uznemumukarte">
                                UZŅĒMUMU karte                            </a>
                                                                                                <a onclick="if (!window.__cfRLUnblockHandlers) return false; ga('send', 'event', {
                                    eventCategory: 'Top menu',
                                    eventAction: 'Click',
                                    eventLabel: 'Mazuļu klubs'
                                })" class="mobile-link bot" href="/mazuluklubs">
                                Mazuļu klubs                            </a>
                                                                                                <a onclick="if (!window.__cfRLUnblockHandlers) return false; ga('send', 'event', {
                                    eventCategory: 'Top menu',
                                    eventAction: 'Click',
                                    eventLabel: 'Ēstprieks'
                                })" class="mobile-link bot" href="/estprieks">
                                Ēstprieks                            </a>
                                                            </div>


                                    <div class="mobile-link bot dropdown">
                        <div class="dropdown-item-title">
                            <p>Kas mēs esam</p>
                            <div class="arrow"></div>
                        </div>
                        <div class="nav-item-dropdown">
                            <div class="nav-item-dropdown-inner">
                                                                    <a class="mobile-link dropdown-inner" href="/par-uznemumu" onclick="if (!window.__cfRLUnblockHandlers) return false; ga('send', 'event', {
                                            eventCategory: 'Top menu',
                                            eventAction: 'Click',
                                            eventLabel: 'Par MAXIMA'
                                        })">
                                        Par MAXIMA                                    </a>
                                                                    <a class="mobile-link dropdown-inner" href="/mediju-telpa/apbalvojumi" onclick="if (!window.__cfRLUnblockHandlers) return false; ga('send', 'event', {
                                            eventCategory: 'Top menu',
                                            eventAction: 'Click',
                                            eventLabel: 'Apbalvojumi'
                                        })">
                                        Apbalvojumi                                    </a>
                                                                    <a class="mobile-link dropdown-inner" href="/pakalpojumi" onclick="if (!window.__cfRLUnblockHandlers) return false; ga('send', 'event', {
                                            eventCategory: 'Top menu',
                                            eventAction: 'Click',
                                            eventLabel: 'Pakalpojumi'
                                        })">
                                        Pakalpojumi                                    </a>
                                                            </div>
                        </div>
                    </div>
                                    <div class="mobile-link bot dropdown">
                        <div class="dropdown-item-title">
                            <p>Aktualitātes</p>
                            <div class="arrow"></div>
                        </div>
                        <div class="nav-item-dropdown">
                            <div class="nav-item-dropdown-inner">
                                                                    <a class="mobile-link dropdown-inner" href="/trendi" onclick="if (!window.__cfRLUnblockHandlers) return false; ga('send', 'event', {
                                            eventCategory: 'Top menu',
                                            eventAction: 'Click',
                                            eventLabel: 'Trendi'
                                        })">
                                        Trendi                                    </a>
                                                                    <a class="mobile-link dropdown-inner" href="/zila-cena-zema-cena" onclick="if (!window.__cfRLUnblockHandlers) return false; ga('send', 'event', {
                                            eventCategory: 'Top menu',
                                            eventAction: 'Click',
                                            eventLabel: 'Zila cena - zema cena'
                                        })">
                                        Zila cena - zema cena                                    </a>
                                                                    <a class="mobile-link dropdown-inner" href="/zemocenugrozs" onclick="if (!window.__cfRLUnblockHandlers) return false; ga('send', 'event', {
                                            eventCategory: 'Top menu',
                                            eventAction: 'Click',
                                            eventLabel: 'Zemo cenu grozs'
                                        })">
                                        Zemo cenu grozs                                    </a>
                                                                    <a class="mobile-link dropdown-inner" href="/pienafestivals" onclick="if (!window.__cfRLUnblockHandlers) return false; ga('send', 'event', {
                                            eventCategory: 'Top menu',
                                            eventAction: 'Click',
                                            eventLabel: 'Piena festivāls'
                                        })">
                                        Piena festivāls                                    </a>
                                                            </div>
                        </div>
                    </div>
                                    <div class="mobile-link bot dropdown">
                        <div class="dropdown-item-title">
                            <p>Mediju telpa</p>
                            <div class="arrow"></div>
                        </div>
                        <div class="nav-item-dropdown">
                            <div class="nav-item-dropdown-inner">
                                                                    <a class="mobile-link dropdown-inner" href="/mediju-telpa/preses-relizes" onclick="if (!window.__cfRLUnblockHandlers) return false; ga('send', 'event', {
                                            eventCategory: 'Top menu',
                                            eventAction: 'Click',
                                            eventLabel: 'Preses relīzes'
                                        })">
                                        Preses relīzes                                    </a>
                                                            </div>
                        </div>
                    </div>
                                    <div class="mobile-link bot dropdown">
                        <div class="dropdown-item-title">
                            <p>Biznesa klientiem</p>
                            <div class="arrow"></div>
                        </div>
                        <div class="nav-item-dropdown">
                            <div class="nav-item-dropdown-inner">
                                                                    <a class="mobile-link dropdown-inner" href="/biznesa-partneriem" onclick="if (!window.__cfRLUnblockHandlers) return false; ga('send', 'event', {
                                            eventCategory: 'Top menu',
                                            eventAction: 'Click',
                                            eventLabel: 'Telpu noma'
                                        })">
                                        Telpu noma                                    </a>
                                                                    <a class="mobile-link dropdown-inner" href="/maksajumi-ar-parskaitijumu" onclick="if (!window.__cfRLUnblockHandlers) return false; ga('send', 'event', {
                                            eventCategory: 'Top menu',
                                            eventAction: 'Click',
                                            eventLabel: 'Maksājumi ar pārskaitījumu'
                                        })">
                                        Maksājumi ar pārskaitījumu                                    </a>
                                                                    <a class="mobile-link dropdown-inner" href="/liguma-pielikumi-veidlapas" onclick="if (!window.__cfRLUnblockHandlers) return false; ga('send', 'event', {
                                            eventCategory: 'Top menu',
                                            eventAction: 'Click',
                                            eventLabel: 'Līguma pielikumi/veidlapas'
                                        })">
                                        Līguma pielikumi/veidlapas                                    </a>
                                                            </div>
                        </div>
                    </div>
                                    <div class="mobile-link bot dropdown">
                        <div class="dropdown-item-title">
                            <p>Ilgtspēja</p>
                            <div class="arrow"></div>
                        </div>
                        <div class="nav-item-dropdown">
                            <div class="nav-item-dropdown-inner">
                                                                    <a class="mobile-link dropdown-inner" href="/ilgtspeja/rupes-par-vidi" onclick="if (!window.__cfRLUnblockHandlers) return false; ga('send', 'event', {
                                            eventCategory: 'Top menu',
                                            eventAction: 'Click',
                                            eventLabel: 'Atbildība par vidi'
                                        })">
                                        Atbildība par vidi                                    </a>
                                                                    <a class="mobile-link dropdown-inner" href="/ilgtspeja/rupes-par-sabiedribu" onclick="if (!window.__cfRLUnblockHandlers) return false; ga('send', 'event', {
                                            eventCategory: 'Top menu',
                                            eventAction: 'Click',
                                            eventLabel: 'Rūpes par sabiedrību'
                                        })">
                                        Rūpes par sabiedrību                                    </a>
                                                                    <a class="mobile-link dropdown-inner" href="/par-uznemumu" onclick="if (!window.__cfRLUnblockHandlers) return false; ga('send', 'event', {
                                            eventCategory: 'Top menu',
                                            eventAction: 'Click',
                                            eventLabel: 'Korporatīvā pārvaldība'
                                        })">
                                        Korporatīvā pārvaldība                                    </a>
                                                                    <a class="mobile-link dropdown-inner" href="/depozits" onclick="if (!window.__cfRLUnblockHandlers) return false; ga('send', 'event', {
                                            eventCategory: 'Top menu',
                                            eventAction: 'Click',
                                            eventLabel: 'Depozīta sistēma'
                                        })">
                                        Depozīta sistēma                                    </a>
                                                            </div>
                        </div>
                    </div>
                                    <div class="mobile-link bot dropdown">
                        <div class="dropdown-item-title">
                            <p>Īsceļi</p>
                            <div class="arrow"></div>
                        </div>
                        <div class="nav-item-dropdown">
                            <div class="nav-item-dropdown-inner">
                                                                    <a class="mobile-link dropdown-inner" href="/datu-drosiba" onclick="if (!window.__cfRLUnblockHandlers) return false; ga('send', 'event', {
                                            eventCategory: 'Top menu',
                                            eventAction: 'Click',
                                            eventLabel: 'KONTA DROŠĪBA'
                                        })">
                                        KONTA DROŠĪBA                                    </a>
                                                                    <a class="mobile-link dropdown-inner" href="/wel/cenulideri" onclick="if (!window.__cfRLUnblockHandlers) return false; ga('send', 'event', {
                                            eventCategory: 'Top menu',
                                            eventAction: 'Click',
                                            eventLabel: 'CENU LĪDERI'
                                        })">
                                        CENU LĪDERI                                    </a>
                                                                    <a class="mobile-link dropdown-inner" href="/welldone" onclick="if (!window.__cfRLUnblockHandlers) return false; ga('send', 'event', {
                                            eventCategory: 'Top menu',
                                            eventAction: 'Click',
                                            eventLabel: 'Well done'
                                        })">
                                        Well done                                    </a>
                                                                    <a class="mobile-link dropdown-inner" href="/circle-k" onclick="if (!window.__cfRLUnblockHandlers) return false; ga('send', 'event', {
                                            eventCategory: 'Top menu',
                                            eventAction: 'Click',
                                            eventLabel: 'Circle K'
                                        })">
                                        Circle K                                    </a>
                                                            </div>
                        </div>
                    </div>
                
                <a onclick="if (!window.__cfRLUnblockHandlers) return false; ga('send', 'event', {
                            eventCategory: 'Top Menu',
                            eventAction: 'Click',
                            eventLabel: 'Barbora'
                        })" class="bottom-nav-left-link-icon last-link" href="https://www.barbora.lv" target="_blank">
                    <img src="/images/front/modules/header/barbora2.svg" alt="Barbora">
                    <p>Barbora</p>
                </a>

                <div class="bottom-nav-left-social-links">
                    <div class="li-icon-links">
                        <ul class="li-icon-links__list">
                            <li class="li-icon-links__item">
                                <a href="https://www.facebook.com/MaximaLV" target="_blank" class="li-icon-links__link" role="button" aria-label="facebook">
                                    <div class="li-icon-links__icon li-icon-links__icon--facebook" aria-hidden="true"></div>
                                </a>
                            </li>
                            <li class="li-icon-links__item">
                                <a href="https://www.instagram.com/maxima.lv" target="_blank" class="li-icon-links__link" role="button" aria-label="instagram">
                                    <div class="li-icon-links__icon li-icon-links__icon--instagram" aria-hidden="true"></div>
                                </a>
                            </li>
                            <li class="li-icon-links__item">
                                <a href="https://www.tiktok.com/@maxima.lv" target="_blank" class="li-icon-links__link" role="button" aria-label="tiktok">
                                    <div class="li-icon-links__icon li-icon-links__icon--tiktok" aria-hidden="true"></div>
                                </a>
                            </li>
                            <li class="li-icon-links__item">
                                <a href="https://lv.linkedin.com/company/maxima-latvija" target="_blank" class="li-icon-links__link" role="button" aria-label="linkedin">
                                    <div class="li-icon-links__icon li-icon-links__icon--linkedin" aria-hidden="true"></div>
                                </a>
                            </li>
                        </ul>
                    </div>

                </div>
                <p class="bottom-nav-left-phone-text">Informatīvais tālrunis (8-22)</p>
                <a href="tel:8 000 2020" class="bottom-nav-left-phone">8 000 2020</a>
                <!--<a href="mailto:info@maxima.lv" class="bottom-nav-left-email">info@maxima.lv</a>-->
				<div class="btn-support js-support-popup new-line">
					Sazinies ar mums
				</div>

                <a href="/par-uznemumu#trauksmes-celsana" target="_blank" class="lv-contacts__link new-line">
                    Trauksmes celšana
                </a>

                <div class="mobile-language-block">
                    <a href="/" class="selected-language" role="button" aria-label="LV">
                        <img src="/images/front/layout/lv-flag.svg" alt="LV">
                    </a>
                    <a href="/en" role="button" aria-label="EN">
                        <img src="/images/front/layout/uk-flag.svg" alt="EN">
                    </a>
                    <a href="/ru" role="button" aria-label="RU">
                        <img src="/images/front/layout/ru-flag.svg" alt="RU">
                    </a>
                </div>
            </div>
            <div class="header-open-right">
                <div id="mobile-close" tabindex="0" role="button" aria-label="Aizveriet">
                    <img src="/images/front/layout/menu-close-mobile.svg" alt="Aizveriet">
                </div>
            </div>
        </div>

            </div>

</header>
<div class="header-push"></div>

<div class="voice-controls-popup" style="display: none">
    <div class="voice-controls-wrapper">
        <a class="voice-popup-close" role="button" aria-label="Close"></a>
        <div class="padding-bottom-20">
            <label for="voice-select">Atlasīt balsi:</label>
            <select id="voice-select"></select>
        </div>
        <div class="voice-popup-sides">
            <div class="voice-popup-side">
                <label for="voice-rate">Balss ātrums:</label>
                <input type="range" id="voice-rate" min="0.5" max="2" value="1" step="0.1">
                <span id="voice-rate-value">1</span>
            </div>
            <div class="voice-popup-side">
                <label for="voice-pitch">Balss augstums:</label>
                <input type="range" id="voice-pitch" min="0.5" max="2" value="1" step="0.1">
                <span id="voice-pitch-value">1</span>
            </div>
        </div>
    </div>
</div>


<main>


<!--widget name="RenderAppPopup"-->

<div class="lv-breadcrumbs-wrap">
    <div class="lv-container">

        <nav class="lv-breadcrumbs">
            <ul class="lv-breadcrumbs__list">
                                                            <li class="lv-breadcrumbs__item">
                            <a href="/" class="lv-breadcrumbs__link">Sākums</a>
                        </li>
                                                                                <li class="lv-breadcrumbs__item">
                            <a href="/piedavajumi" class="lv-breadcrumbs__link">Īpašie piedāvājumi</a>
                        </li>
                                                </ul>
        </nav>

    </div>
</div>

 

<section class="lv-container lv-campaigns-slider">
<div class="lv-slider lv-slider-campaigns">
    <div class="swiper-container lv-slider-campaigns__inner swiper-container-initialized swiper-container-horizontal" data-count="3">
        <div class="swiper-wrapper" style="transform: translate3d(0px, 0px, 0px);">
                            <div class="swiper-slide lv-slider__slide swiper-slide-active" data-slide-id="718" style="width: 400px; margin-right: 16px;">

                    
                                            <a href="/cenulideri" class="js-header-click" role="button" aria-label="Banner"> <!-- onClick="additionalAction(this)">-->
                                                                                            
                        
                                                    <img src="/uploads/header/900x600-6428.jpg" class="lv-slider__image lv-slider__image--desktop" alt="Banner">
                            <img src="/uploads/header/900x600-2629.jpg" class="lv-slider__image lv-slider__image--mobile" alt="Banner mobile">
                        

                                            </a>
                    
                                    </div>
                            <div class="swiper-slide lv-slider__slide swiper-slide-next" data-slide-id="586" style="width: 400px; margin-right: 16px;">

                    
                                            <a href="/supercenas" class="js-header-click" role="button" aria-label="Banner"> <!-- onClick="additionalAction(this)">-->
                                                                                            
                        
                                                    <img src="/uploads/header/supercena_900x600-7631.png" class="lv-slider__image lv-slider__image--desktop" alt="Banner">
                            <img src="/uploads/header/supercena_900x600-9976.png" class="lv-slider__image lv-slider__image--mobile" alt="Banner mobile">
                        

                                            </a>
                    
                                    </div>
                            <div class="swiper-slide lv-slider__slide" data-slide-id="729" style="width: 400px; margin-right: 16px;">

                    
                                            <a href="/welldone" class="js-header-click" role="button" aria-label="Banner"> <!-- onClick="additionalAction(this)">-->
                                                                                            
                        
                                                    <img src="/uploads/header/w-d-3948.png" class="lv-slider__image lv-slider__image--desktop" alt="Banner">
                            <img src="/uploads/header/w-d-m-2678.png" class="lv-slider__image lv-slider__image--mobile" alt="Banner mobile">
                        

                                            </a>
                    
                                    </div>
                    </div>
                <div class="lv-slider__controls-wrap">
            <div class="lv-slider__controls">
                <div class="lv-slider__pagination">
                                            <button type="button" class="lv-slider__page" tabindex="0" role="button" aria-label="Banner 1">
                            <div class="lv-slider__page-inner"></div>
                                                            <svg class="lv-slider__circle" width="28" height="28" aria-label="Banner 1">
                                    <circle class="outer" cx="14" cy="14" r="12"></circle>
                                </svg>
                                                    </button>
                                            <button type="button" class="lv-slider__page" tabindex="0" role="button" aria-label="Banner 2">
                            <div class="lv-slider__page-inner"></div>
                                                            <svg class="lv-slider__circle" width="28" height="28" aria-label="Banner 2">
                                    <circle class="outer" cx="14" cy="14" r="12"></circle>
                                </svg>
                                                    </button>
                                            <button type="button" class="lv-slider__page" tabindex="0" role="button" aria-label="Banner 3">
                            <div class="lv-slider__page-inner"></div>
                                                            <svg class="lv-slider__circle" width="28" height="28" aria-label="Banner 3">
                                    <circle class="outer" cx="14" cy="14" r="12"></circle>
                                </svg>
                                                    </button>
                                    </div>
                <button class="lv-slider__play" tabindex="0" role="button" aria-label="Play"></button>
            </div>
        </div>
    <span class="swiper-notification" aria-live="assertive" aria-atomic="true"></span></div>
</div>

</section>

<style>
    .video-with-gradient-banner {
        position: relative;
        height: 100%;
    }

    .video-with-gradient-banner img {
        position: absolute;
        left: 0;
        top: 0;
    }

    .video-with-gradient-content {
        display: flex;
        justify-content: flex-end;
        height: 100%;
    }

    .video-with-gradient-content .video-container {
        position: relative;
        float: left;
        bottom: 0;
        width: 100%;
        right: 0;
        margin-top: 76vw;
        height: auto;
        max-width: 1000px;
        z-index: 1;
        overflow: hidden;
    }

    .video-with-gradient-content .video-container video {
        object-fit: cover;
        object-position: 50% 50%;
        width: 130% !important;
        margin-left: -15%;
        margin-top: -8%;
        height: auto !important;
        max-height: 100%;
        min-height: 100%;
        opacity: 0;
        transition: opacity 0.1s linear;
    }

    .video-with-gradient-banner .lv-slider__image--mobile.with-mask {
        z-index: 2;
        mask-image: linear-gradient(
                180deg,
                black 0%,
                black 55%,
                rgba(0, 0, 0, 0.5) 60%,
                transparent 70%,
                transparent 100%
        );
        -webkit-mask-image: linear-gradient(
                180deg,
                black 0%,
                black 55%,
                rgba(0, 0, 0, 0.5) 60%,
                transparent 70%,
                transparent 100%
        );
    }

    @media only screen and (min-width: 768px) {
        .video-with-gradient-content .video-container {
            position: relative;
            width: 51%;
            height: 100%;
            margin-top: 0;
        }

        .video-with-gradient-content .video-container video {
            width: 134% !important;
            margin-left: -17%;
            margin-top: 0;
        }

        .video-with-gradient-banner .lv-slider__image--desktop.with-mask {
            z-index: 2;
            mask-image: linear-gradient(
                    90deg,
                    black 0%,
                    black 50%,
                    rgba(0, 0, 0, 0.5) 55%,
                    transparent 60%,
                    transparent 100%
            );
            -webkit-mask-image: linear-gradient(
                    90deg,
                    black 0%,
                    black 50%,
                    rgba(0, 0, 0, 0.5) 55%,
                    transparent 60%,
                    transparent 100%
            );
        }

    }
</style>

<script type="text/javascript">

  $(document).ready(function () {
    $('.js-header-click').on('click', function (e) {
      let page ='lv-campaigns-slider';
      page = (page.length > 0) ? ('header-' + page) : 'header';

      let title = $(this).attr('href')  + ' (ID:' + $(this).closest('.lv-slider__slide').data('slide-id') + ')';

      $.ajax({
        url: '/ajax/formcustom/formcustomrender/ajaxItemView',
        dataType: 'json',
        type: 'post',
        data: {page: page, title: title,},
        cache: false,
      });

      gtag('event', 'Klikšķis', {
        event_category: 'Piedavajumi Campaigns SLIDER',
        event_label: ''}
      );

      //e.preventDefault();
    });

  });
</script> 

<section class="lv-booklets">
    <div class="lv-container lv-offers-booklets">
        <div class="lv-booklets-slider__inner swiper-container-initialized swiper-container-horizontal" data-count="4">
            <div class="swiper-wrapper" style="transform: translate3d(0px, 0px, 0px);">
                
                    <div class="lv-booklets-slider__slide swiper-slide swiper-slide-active" style="width: 400px; margin-right: 16px;">

                        <article class="lv-booklet">
                            <div class="lv-booklet__link" data-id="1446">
                                <div class="lv-row-lg lv-row-flex-lg">
                                                                                                                    <div class="lv-col-lg lv-col-flex-lg lv-booklet__col-img booklet-images-2">
                                            <div class="lv-booklet__img-wrap lv-booklet-image-wrapper">
                                                <div class="lv-booklet-image">
                                                    <div class="cover">
                                                        <div class="lv-booklet-image-in">
                                                                                                                                                                                                <img src="/uploads/releases/MAXIMA_KC7_2026-page-001-4260.jpg" class="lv-booklet__image big" alt="Image">
                                                                                                                                    <img src="/uploads/releases/MAXIMA_KC7_2026-page-002-1805.jpg" class="lv-booklet__image small" alt="Image">
                                                                                                                                                                                    </div>
                                                    </div>
                                                </div>
                                            </div>
                                        </div>
                                                                        <div class="lv-col-lg lv-col-flex-lg">
                                        <div class="lv-booklet__details">
                                            <h1 class="lv-title lv-title--xs lv-booklet__title">
                                                Iknedēļas piedāvājums                                            </h1>
                                            <h2 class="lv-subtitle lv-subtitle--sm lv-booklet__subtitle">
                                                                                                    
                                                                                                            10.-16.

                                                        februāris                                                                                                                                                </h2>

                                            
                                            <a class="lv-booklet__view" href="/bukleti/U2HcE-W7" data-url="/uploads/releases/pdf/MAXIMA_KC7_2026_HnwI.pdf" onclick="if (!window.__cfRLUnblockHandlers) return false; ga('send', 'event', { eventCategory: 'Piedāvājumi - Bukleti', eventAction: 'Klikšķis', eventLabel: 'Lasīt publikāciju - Iknedēļas piedāvājums'});">
                                                Lasīt
                                            </a>
                                        </div>
                                    </div>
                                </div>
                            </div>
                        </article>

                    </div>
                
                    <div class="lv-booklets-slider__slide swiper-slide swiper-slide-next" style="width: 400px; margin-right: 16px;">

                        <article class="lv-booklet">
                            <div class="lv-booklet__link" data-id="1447">
                                <div class="lv-row-lg lv-row-flex-lg">
                                                                                                                    <div class="lv-col-lg lv-col-flex-lg lv-booklet__col-img booklet-images-1">
                                            <div class="lv-booklet__img-wrap lv-booklet-image-wrapper">
                                                <div class="lv-booklet-image">
                                                    <div class="cover">
                                                        <div class="lv-booklet-image-in">
                                                                                                                                                                                                <img src="/uploads/releases/MAXIMA_KC7_2026-page-024-7251.jpg" class="lv-booklet__image big" alt="Image">
                                                                                                                                                                                    </div>
                                                    </div>
                                                </div>
                                            </div>
                                        </div>
                                                                        <div class="lv-col-lg lv-col-flex-lg">
                                        <div class="lv-booklet__details">
                                            <h1 class="lv-title lv-title--xs lv-booklet__title">
                                                Brīvdienu piedāvājumi                                            </h1>
                                            <h2 class="lv-subtitle lv-subtitle--sm lv-booklet__subtitle">
                                                                                                    
                                                                                                            12.-16.

                                                        februāris                                                                                                                                                </h2>

                                            
                                            <a class="lv-booklet__view" href="/bukleti/RV16S-BW7" data-url="/uploads/releases/pdf/MAXIMA_KC7_2026_0ONn.pdf" onclick="if (!window.__cfRLUnblockHandlers) return false; ga('send', 'event', { eventCategory: 'Piedāvājumi - Bukleti', eventAction: 'Klikšķis', eventLabel: 'Lasīt publikāciju - Brīvdienu piedāvājumi'});">
                                                Lasīt
                                            </a>
                                        </div>
                                    </div>
                                </div>
                            </div>
                        </article>

                    </div>
                
                    <div class="lv-booklets-slider__slide swiper-slide" style="width: 400px; margin-right: 16px;">

                        <article class="lv-booklet">
                            <div class="lv-booklet__link" data-id="1448">
                                <div class="lv-row-lg lv-row-flex-lg">
                                                                                                                    <div class="lv-col-lg lv-col-flex-lg lv-booklet__col-img booklet-images-2">
                                            <div class="lv-booklet__img-wrap lv-booklet-image-wrapper">
                                                <div class="lv-booklet-image">
                                                    <div class="cover">
                                                        <div class="lv-booklet-image-in">
                                                                                                                                                                                                <img src="/uploads/releases/MAXIMA_KC7_2026-page-004-8501.jpg" class="lv-booklet__image big" alt="Image">
                                                                                                                                    <img src="/uploads/releases/MAXIMA_KC7_2026-page-005-3939.jpg" class="lv-booklet__image small" alt="Image">
                                                                                                                                                                                    </div>
                                                    </div>
                                                </div>
                                            </div>
                                        </div>
                                                                        <div class="lv-col-lg lv-col-flex-lg">
                                        <div class="lv-booklet__details">
                                            <h1 class="lv-title lv-title--xs lv-booklet__title">
                                                Tīrības dienas                                            </h1>
                                            <h2 class="lv-subtitle lv-subtitle--sm lv-booklet__subtitle">
                                                                                                    10.-23. februāris                                                                                            </h2>

                                            
                                            <a class="lv-booklet__view" href="/bukleti/U2HcE-tiribasdienas" data-url="/uploads/releases/pdf/MAXIMA_KC7_2026_35f7.pdf" onclick="if (!window.__cfRLUnblockHandlers) return false; ga('send', 'event', { eventCategory: 'Piedāvājumi - Bukleti', eventAction: 'Klikšķis', eventLabel: 'Lasīt publikāciju - Tīrības dienas'});">
                                                Lasīt
                                            </a>
                                        </div>
                                    </div>
                                </div>
                            </div>
                        </article>

                    </div>
                
                    <div class="lv-booklets-slider__slide swiper-slide" style="width: 400px; margin-right: 16px;">

                        <article class="lv-booklet">
                            <div class="lv-booklet__link" data-id="1449">
                                <div class="lv-row-lg lv-row-flex-lg">
                                                                                                                    <div class="lv-col-lg lv-col-flex-lg lv-booklet__col-img booklet-images-2">
                                            <div class="lv-booklet__img-wrap lv-booklet-image-wrapper">
                                                <div class="lv-booklet-image">
                                                    <div class="cover">
                                                        <div class="lv-booklet-image-in">
                                                                                                                                                                                                <img src="/uploads/releases/MAXIMA_KC7_2026-page-008-1903.jpg" class="lv-booklet__image big" alt="Image">
                                                                                                                                    <img src="/uploads/releases/MAXIMA_KC7_2026-page-009-9918.jpg" class="lv-booklet__image small" alt="Image">
                                                                                                                                                                                    </div>
                                                    </div>
                                                </div>
                                            </div>
                                        </div>
                                                                        <div class="lv-col-lg lv-col-flex-lg">
                                        <div class="lv-booklet__details">
                                            <h1 class="lv-title lv-title--xs lv-booklet__title">
                                                Ziedi mīļajiem                                            </h1>
                                            <h2 class="lv-subtitle lv-subtitle--sm lv-booklet__subtitle">
                                                                                                    Spēkā no 12.02.2026.                                                                                            </h2>

                                            
                                            <a class="lv-booklet__view" href="/bukleti/U2HcE-ziedi" data-url="/uploads/releases/pdf/MAXIMA_KC7_2026_LJSa.pdf" onclick="if (!window.__cfRLUnblockHandlers) return false; ga('send', 'event', { eventCategory: 'Piedāvājumi - Bukleti', eventAction: 'Klikšķis', eventLabel: 'Lasīt publikāciju - Ziedi mīļajiem'});">
                                                Lasīt
                                            </a>
                                        </div>
                                    </div>
                                </div>
                            </div>
                        </article>

                    </div>
                            </div>

                            <button type="button" class="lv-slider__nav lv-slider__nav--prev swiper-button-disabled" tabindex="0" role="button" aria-label="Previous slide" aria-disabled="true"></button>
                <button type="button" class="lv-slider__nav lv-slider__nav--next" tabindex="0" role="button" aria-label="Next slide" aria-disabled="false"></button>
                    <span class="swiper-notification" aria-live="assertive" aria-atomic="true"></span></div>
    </div>
</section>


<input type="hidden" value="981" id="totalProducts">
<input type="hidden" value="/ajax/salesloadmore" id="ajax-load-more-url">
<input type="hidden" value="/ajax/sale/salerender/viewSaleItem" id="ajax-view-item-url">


<section class="lv-offers">

    <div class="lv-container">
        <div class="lv-offers-header">
            <div class="lv-row-md">
                <div class="lv-col-md">
                    <h1 class="lv-title lv-offers-title">
                        <span id="offers-title">Iknedēļas piedāvājums</span>&nbsp;
                    </h1>
                </div>
                <div class="lv-col-md lv-offers-header__sort">
                    <div class="lv-filter-offers-row">
                        <div class="lv-sort">
                            <div class="lv-sort__row">
                                <div class="lv-sort__col" style="display: none">
                                    <div class="lv-sort__label">
                                        Kārtot pēc
                                    </div>
                                    <select class="lv-select lv-sort__by" id="filter_sort_by" tabindex="0" aria-label="Kārtot pēc">
                                        <option value="newest" selected="selected">Jaunākās</option>
                                        <option value="popularity">Popularitātes</option>
                                        <option value="price-asc">Cenas (zemākā uz augstāko)</option>
                                        <option value="price-desc">Cenas (augstākā uz zemāko)</option>
                                        <option value="discount">Atlaides</option>
                                    </select>
                                </div>
                                <div class="lv-sort__col">
                                    <div class="lv-sort__label">
                                        Parādīt
                                    </div>
                                    <select class="lv-select lv-sort__count" id="filter_limit" tabindex="0" aria-label="Parādīt" style="width: 51px">
                                        <option value="15" selected="selected">15</option>
                                        <option value="30">30</option>
                                        <option value="45">45</option>
                                        <option value="60">60</option>
                                        <option value="75">75</option>
                                    </select>
                                </div>
                            </div>
                        </div>

                    </div>
                </div>
            </div>
        </div>
    </div>
    <div class="lv-container">
        <button type="button" class="lv-filter-modal-trigger">
            <div class="lv-filter-modal-trigger__label">Filtrēt</div>
            <div class="lv-filter-modal-trigger__icon"></div>
        </button>
        <div class="lv-row-md">
            <div class="lv-col-md lv-col-md--3 lv-offers__filters">
                <form id="sales-filters-form" autocomplete="off">
                    <input type="hidden" id="ajax-search-products-url" value="/ajax/sale/salerender/searchautocomplete">
                    <input type="hidden" name="sort_by" value="newest">
                    <input type="hidden" name="limit" value="15">


                    <div class="lv-filter-offers offers_nav">
                        <div class="lv-filter-offers__block-title">Meklēt</div>
                        <div class="lv-filter-offers__search sales-filter-search search">
                            <div class="search-icons-wrapper">
                                <div class="clear-search-icon" title="Delete" role="button" aria-label="Delete" onclick="if (!window.__cfRLUnblockHandlers) return false; ga('send', 'event', { eventCategory: 'Akcijos - Search', eventAction: 'Paspaudimas', eventLabel: 'Delete'});"></div>
                                <div class="search-icon"></div>
                            </div>

                            <div class="lv-search-input">
                                <div class="lv-search-input__icon"></div>
                                <input type="text" name="search" class="lv-search-input__element" placeholder="Meklēt produktus" autocomplete="off">
                            </div>
                            <div id="auto_complete" class="bl_shadow"></div>
                            <div id="search_inputs" style="display: none"></div>
                        </div>

                        <div class="selected-filters-preview-list"></div>

                        <div class="lv-filter-filters">
							<a class="lv-filter-category category_80" tabindex="0" role="button" data-id="80" data-slug="trendi" onclick="if (!window.__cfRLUnblockHandlers) return false; ga('send', 'event', { eventCategory: 'Kategorija', eventAction: 'Klikšķis', eventLabel: 'Kategorija Trendi'});">
								<span class="lv-filter-category__label">Trendi</span>
								<div class="lv-filter-category__trendi"></div>
								<input type="checkbox" name="categories[]" class="sales-filter-category" value="80">
							</a>

							<a class="lv-filter-category category_79" tabindex="0" role="button" data-id="79" data-slug="zila-cena-zema-cena" onclick="if (!window.__cfRLUnblockHandlers) return false; ga('send', 'event', { eventCategory: 'Kategorija', eventAction: 'Klikšķis', eventLabel: 'Kategorija Zila cena - zema cena ik dienas!'});">
								<span class="lv-filter-category__label">Zila cena - zema cena ik dienas!</span>
								<div class="lv-filter-category__zilacena"></div>
								<input type="checkbox" name="categories[]" class="sales-filter-category" value="79">
							</a>

							<a class="lv-filter-category filter_18" tabindex="0" role="button">
								<span class="lv-filter-category__label">Ar PALDIES karti</span>
								<div class="lv-filter-category__paldies"></div>
								<input type="checkbox" name="filters[]" class="sales-filter-filters" value="18">
							</a>

							<a class="lv-filter-category category_68" tabindex="0" role="button" data-id="68" data-slug="cenu-lideri-ar-paldies" onclick="if (!window.__cfRLUnblockHandlers) return false; ga('send', 'event', { eventCategory: 'Kategorija', eventAction: 'Klikšķis', eventLabel: 'Kategorija Cenu līderi ar PALDIES'});">
								<span class="lv-filter-category__label">Cenu līderi ar PALDIES</span>
								<div class="lv-filter-category__cenulideri"></div>
								<input type="checkbox" name="categories[]" class="sales-filter-category" value="68">
							</a>

							<!--
                                                                                                                                                                                            <a class="lv-filter-category filter_18" tabindex="0" role="button">
                                        <span class="lv-filter-category__label">Ar PALDIES karti</span>
                                        <div class="lv-filter-category__paldies"></div>
                                        <input type="checkbox" name="filters[]" class="sales-filter-filters" value="18"/>
                                    </a>
                                                                                                                                                                                                                                                                                    
                                                            
                                                            
                                                                                                <a class="lv-filter-category category_68"
                                       tabindex="0" role="button"
                                       data-id="68"
                                       data-slug="cenu-lideri-ar-paldies"
                                       onClick="ga('send', 'event', { eventCategory: 'Kategorija', eventAction: 'Klikšķis', eventLabel: 'Kategorija Cenu līderi ar PALDIES'});"
                                                                            >
                                        <span class="lv-filter-category__label">Cenu līderi ar PALDIES</span>
                                        <div class="lv-filter-category__cenulideri"></div>
                                                                                <input type="checkbox" name="categories[]" class="sales-filter-category" value="68"/>
                                    </a>
                                
                                                                                                <a class="lv-filter-category category_79"
                                       tabindex="0" role="button"
                                       data-id="79"
                                       data-slug="zila-cena-zema-cena"
                                       onClick="ga('send', 'event', { eventCategory: 'Kategorija', eventAction: 'Klikšķis', eventLabel: 'Kategorija Zila cena - zema cena ik dienas!'});"
                                                                            >
                                        <span class="lv-filter-category__label">Zila cena - zema cena ik dienas!</span>
                                        <div class="lv-filter-category__zilacena"></div>
                                                                                <input type="checkbox" name="categories[]" class="sales-filter-category" value="79"/>
                                    </a>
                                
                                                                                                <a class="lv-filter-category category_80"
                                       tabindex="0" role="button"
                                       data-id="80"
                                       data-slug="trendi"
                                       onClick="ga('send', 'event', { eventCategory: 'Kategorija', eventAction: 'Klikšķis', eventLabel: 'Kategorija Trendi'});"
                                                                            >
                                        <span class="lv-filter-category__label">Trendi</span>
                                        <div class="lv-filter-category__trendi"></div>
                                                                                <input type="checkbox" name="categories[]" class="sales-filter-category" value="80"/>
                                    </a>
                                
                                                            
                                                            
                                                            
                                                            
                                                            
                                                            
                                                            
                                                            
                                                            
                                                            
                                                            
                                                            
                                                            
                                                            
                                                            
                                                            
                                                            
                                                            
                                                            
                                                            
                                                            
                            							-->
                        </div>

                        <div class="lv-filter-offers__block lv-filter-offers__block--mb-lg lv-filter-shops">
                            <div class="lv-filter-offers__block-title">
                                Veikala formāts
                            </div>
                            <div class="lv-filter-x">
                                <ul class="lv-filter-x__list">
                                    <li class="lv-filter-x__item">
                                        <div class="shop shop-x lv-filter-x__toggle" data-size="1" tabindex="0" role="button" aria-label="MAXIMA X" onclick="if (!window.__cfRLUnblockHandlers) return false; ga('send', 'event', { eventCategory: 'Veikala formāts', eventAction: 'Klikšķis', eventLabel: 'Veikals - X'});">
                                            <div class="lv-filter-x__toggle__icon"></div>
                                            <input type="checkbox" name="shops[]" value="1">
                                        </div>
                                    </li>
                                    <li class="lv-filter-x__item">
                                        <div class="shop shop-xx lv-filter-x__toggle" data-size="2" tabindex="0" role="button" aria-label="MAXIMA XX" onclick="if (!window.__cfRLUnblockHandlers) return false; ga('send', 'event', { eventCategory: 'Veikala formāts', eventAction: 'Klikšķis', eventLabel: 'Veikals - XX'});">
                                            <div class="lv-filter-x__toggle__icon"></div>
                                            <div class="lv-filter-x__toggle__icon"></div>
                                            <input type="checkbox" name="shops[]" value="2">
                                        </div>
                                    </li>
                                    <li class="lv-filter-x__item">
                                        <div class="shop shop-xxx lv-filter-x__toggle" data-size="3" tabindex="0" role="button" aria-label="MAXIMA XXX" onclick="if (!window.__cfRLUnblockHandlers) return false; ga('send', 'event', { eventCategory: 'Veikala formāts', eventAction: 'Klikšķis', eventLabel: 'Veikals - XXX'});">
                                            <div class="lv-filter-x__toggle__icon"></div>
                                            <div class="lv-filter-x__toggle__icon"></div>
                                            <div class="lv-filter-x__toggle__icon"></div>
                                            <input type="checkbox" name="shops[]" value="3">
                                        </div>
                                    </li>
                                </ul>
                            </div>

                        </div>
                        <div class="lv-filter-offers__block lv-filter-categories">
                            <div class="lv-filter-offers__block-title lv-filter-offers__block-title--mb-sm">
                                Kategorijas
                            </div>
                            <ul class="lv-filter-offers__list">
                                                                    <li class="lv-filter-offers__item" style="display: none">
                                        <a class="lv-filter-category category_81" tabindex="0" role="button" data-id="81" data-slug="trendi" onclick="if (!window.__cfRLUnblockHandlers) return false; ga('send', 'event', { eventCategory: 'Kategorija', eventAction: 'Klikšķis', eventLabel: 'Kategorija Trendi'});">
                                            <span class="lv-filter-category__icon lv-filter-category__icon_34"></span>
                                            <span class="lv-filter-category__label">Trendi</span>
                                            <span class="lv-filter-category__counter">(14)</span>
                                            <input type="checkbox" name="categories[]" class="sales-filter-category" value="81">
                                        </a>
                                    </li>
                                                                    <li class="lv-filter-offers__item" style="display: none">
                                        <a class="lv-filter-category category_82" tabindex="0" role="button" data-id="82" data-slug="zila-cena-zema-cena-ik-dienas" onclick="if (!window.__cfRLUnblockHandlers) return false; ga('send', 'event', { eventCategory: 'Kategorija', eventAction: 'Klikšķis', eventLabel: 'Kategorija Zila cena - zema cena ik dienas!'});">
                                            <span class="lv-filter-category__icon lv-filter-category__icon_35"></span>
                                            <span class="lv-filter-category__label">Zila cena - zema cena ik dienas!</span>
                                            <span class="lv-filter-category__counter">(38)</span>
                                            <input type="checkbox" name="categories[]" class="sales-filter-category" value="82">
                                        </a>
                                    </li>
                                                                    <li class="lv-filter-offers__item" style="display: none">
                                        <a class="lv-filter-category category_68" tabindex="0" role="button" data-id="68" data-slug="cenu-lideri-ar-paldies" onclick="if (!window.__cfRLUnblockHandlers) return false; ga('send', 'event', { eventCategory: 'Kategorija', eventAction: 'Klikšķis', eventLabel: 'Kategorija Cenu līderi ar PALDIES'});">
                                            <span class="lv-filter-category__icon lv-filter-category__icon_28"></span>
                                            <span class="lv-filter-category__label">Cenu līderi ar PALDIES</span>
                                            <span class="lv-filter-category__counter">(298)</span>
                                            <input type="checkbox" name="categories[]" class="sales-filter-category" value="68">
                                        </a>
                                    </li>
                                                                    <li class="lv-filter-offers__item" style="display: none">
                                        <a class="lv-filter-category category_79" tabindex="0" role="button" data-id="79" data-slug="zila-cena-zema-cena" onclick="if (!window.__cfRLUnblockHandlers) return false; ga('send', 'event', { eventCategory: 'Kategorija', eventAction: 'Klikšķis', eventLabel: 'Kategorija Zila cena - zema cena ik dienas!'});">
                                            <span class="lv-filter-category__icon lv-filter-category__icon_98"></span>
                                            <span class="lv-filter-category__label">Zila cena - zema cena ik dienas!</span>
                                            <span class="lv-filter-category__counter">(40)</span>
                                            <input type="checkbox" name="categories[]" class="sales-filter-category" value="79">
                                        </a>
                                    </li>
                                                                    <li class="lv-filter-offers__item" style="display: none">
                                        <a class="lv-filter-category category_80" tabindex="0" role="button" data-id="80" data-slug="trendi" onclick="if (!window.__cfRLUnblockHandlers) return false; ga('send', 'event', { eventCategory: 'Kategorija', eventAction: 'Klikšķis', eventLabel: 'Kategorija Trendi'});">
                                            <span class="lv-filter-category__icon lv-filter-category__icon_99"></span>
                                            <span class="lv-filter-category__label">Trendi</span>
                                            <span class="lv-filter-category__counter">(97)</span>
                                            <input type="checkbox" name="categories[]" class="sales-filter-category" value="80">
                                        </a>
                                    </li>
                                                                    <li class="lv-filter-offers__item">
                                        <a class="lv-filter-category category_56" tabindex="0" role="button" data-id="56" data-slug="augli-un-darzeni" onclick="if (!window.__cfRLUnblockHandlers) return false; ga('send', 'event', { eventCategory: 'Kategorija', eventAction: 'Klikšķis', eventLabel: 'Kategorija Augļi un dārzeņi'});">
                                            <span class="lv-filter-category__icon lv-filter-category__icon_7"></span>
                                            <span class="lv-filter-category__label">Augļi un dārzeņi</span>
                                            <span class="lv-filter-category__counter">(18)</span>
                                            <input type="checkbox" name="categories[]" class="sales-filter-category" value="56">
                                        </a>
                                    </li>
                                                                    <li class="lv-filter-offers__item">
                                        <a class="lv-filter-category category_60" tabindex="0" role="button" data-id="60" data-slug="piena-produkti-un-olas" onclick="if (!window.__cfRLUnblockHandlers) return false; ga('send', 'event', { eventCategory: 'Kategorija', eventAction: 'Klikšķis', eventLabel: 'Kategorija Piena produkti un olas'});">
                                            <span class="lv-filter-category__icon lv-filter-category__icon_8"></span>
                                            <span class="lv-filter-category__label">Piena produkti un olas</span>
                                            <span class="lv-filter-category__counter">(159)</span>
                                            <input type="checkbox" name="categories[]" class="sales-filter-category" value="60">
                                        </a>
                                    </li>
                                                                    <li class="lv-filter-offers__item">
                                        <a class="lv-filter-category category_67" tabindex="0" role="button" data-id="67" data-slug="gala-un-galas-izstradajumi" onclick="if (!window.__cfRLUnblockHandlers) return false; ga('send', 'event', { eventCategory: 'Kategorija', eventAction: 'Klikšķis', eventLabel: 'Kategorija Gaļa un gaļas izstrādājumi'});">
                                            <span class="lv-filter-category__icon lv-filter-category__icon_9"></span>
                                            <span class="lv-filter-category__label">Gaļa un gaļas izstrādājumi</span>
                                            <span class="lv-filter-category__counter">(49)</span>
                                            <input type="checkbox" name="categories[]" class="sales-filter-category" value="67">
                                        </a>
                                    </li>
                                                                    <li class="lv-filter-offers__item">
                                        <a class="lv-filter-category category_49" tabindex="0" role="button" data-id="49" data-slug="zivis-un-zivju-izstradajumi" onclick="if (!window.__cfRLUnblockHandlers) return false; ga('send', 'event', { eventCategory: 'Kategorija', eventAction: 'Klikšķis', eventLabel: 'Kategorija Zivis un zivju izstrādājumi'});">
                                            <span class="lv-filter-category__icon lv-filter-category__icon_10"></span>
                                            <span class="lv-filter-category__label">Zivis un zivju izstrādājumi</span>
                                            <span class="lv-filter-category__counter">(23)</span>
                                            <input type="checkbox" name="categories[]" class="sales-filter-category" value="49">
                                        </a>
                                    </li>
                                                                    <li class="lv-filter-offers__item">
                                        <a class="lv-filter-category category_65" tabindex="0" role="button" data-id="65" data-slug="kulinarija" onclick="if (!window.__cfRLUnblockHandlers) return false; ga('send', 'event', { eventCategory: 'Kategorija', eventAction: 'Klikšķis', eventLabel: 'Kategorija Kulinārija'});">
                                            <span class="lv-filter-category__icon lv-filter-category__icon_11"></span>
                                            <span class="lv-filter-category__label">Kulinārija</span>
                                            <span class="lv-filter-category__counter">(13)</span>
                                            <input type="checkbox" name="categories[]" class="sales-filter-category" value="65">
                                        </a>
                                    </li>
                                                                    <li class="lv-filter-offers__item">
                                        <a class="lv-filter-category category_41" tabindex="0" role="button" data-id="41" data-slug="konditoreja" onclick="if (!window.__cfRLUnblockHandlers) return false; ga('send', 'event', { eventCategory: 'Kategorija', eventAction: 'Klikšķis', eventLabel: 'Kategorija Konditoreja'});">
                                            <span class="lv-filter-category__icon lv-filter-category__icon_12"></span>
                                            <span class="lv-filter-category__label">Konditoreja</span>
                                            <span class="lv-filter-category__counter">(13)</span>
                                            <input type="checkbox" name="categories[]" class="sales-filter-category" value="41">
                                        </a>
                                    </li>
                                                                    <li class="lv-filter-offers__item">
                                        <a class="lv-filter-category category_61" tabindex="0" role="button" data-id="61" data-slug="maize" onclick="if (!window.__cfRLUnblockHandlers) return false; ga('send', 'event', { eventCategory: 'Kategorija', eventAction: 'Klikšķis', eventLabel: 'Kategorija Maize'});">
                                            <span class="lv-filter-category__icon lv-filter-category__icon_13"></span>
                                            <span class="lv-filter-category__label">Maize</span>
                                            <span class="lv-filter-category__counter">(12)</span>
                                            <input type="checkbox" name="categories[]" class="sales-filter-category" value="61">
                                        </a>
                                    </li>
                                                                    <li class="lv-filter-offers__item">
                                        <a class="lv-filter-category category_63" tabindex="0" role="button" data-id="63" data-slug="saldeta-partika" onclick="if (!window.__cfRLUnblockHandlers) return false; ga('send', 'event', { eventCategory: 'Kategorija', eventAction: 'Klikšķis', eventLabel: 'Kategorija Saldētā pārtika'});">
                                            <span class="lv-filter-category__icon lv-filter-category__icon_14"></span>
                                            <span class="lv-filter-category__label">Saldētā pārtika</span>
                                            <span class="lv-filter-category__counter">(26)</span>
                                            <input type="checkbox" name="categories[]" class="sales-filter-category" value="63">
                                        </a>
                                    </li>
                                                                    <li class="lv-filter-offers__item">
                                        <a class="lv-filter-category category_54" tabindex="0" role="button" data-id="54" data-slug="saldumi" onclick="if (!window.__cfRLUnblockHandlers) return false; ga('send', 'event', { eventCategory: 'Kategorija', eventAction: 'Klikšķis', eventLabel: 'Kategorija Saldumi'});">
                                            <span class="lv-filter-category__icon lv-filter-category__icon_15"></span>
                                            <span class="lv-filter-category__label">Saldumi</span>
                                            <span class="lv-filter-category__counter">(47)</span>
                                            <input type="checkbox" name="categories[]" class="sales-filter-category" value="54">
                                        </a>
                                    </li>
                                                                    <li class="lv-filter-offers__item">
                                        <a class="lv-filter-category category_51" tabindex="0" role="button" data-id="51" data-slug="bakaleja" onclick="if (!window.__cfRLUnblockHandlers) return false; ga('send', 'event', { eventCategory: 'Kategorija', eventAction: 'Klikšķis', eventLabel: 'Kategorija Bakaleja'});">
                                            <span class="lv-filter-category__icon lv-filter-category__icon_16"></span>
                                            <span class="lv-filter-category__label">Bakaleja</span>
                                            <span class="lv-filter-category__counter">(82)</span>
                                            <input type="checkbox" name="categories[]" class="sales-filter-category" value="51">
                                        </a>
                                    </li>
                                                                    <li class="lv-filter-offers__item">
                                        <a class="lv-filter-category category_44" tabindex="0" role="button" data-id="44" data-slug="konservacija" onclick="if (!window.__cfRLUnblockHandlers) return false; ga('send', 'event', { eventCategory: 'Kategorija', eventAction: 'Klikšķis', eventLabel: 'Kategorija Konservācija'});">
                                            <span class="lv-filter-category__icon lv-filter-category__icon_17"></span>
                                            <span class="lv-filter-category__label">Konservācija</span>
                                            <span class="lv-filter-category__counter">(29)</span>
                                            <input type="checkbox" name="categories[]" class="sales-filter-category" value="44">
                                        </a>
                                    </li>
                                                                    <li class="lv-filter-offers__item">
                                        <a class="lv-filter-category category_57" tabindex="0" role="button" data-id="57" data-slug="kafija-kakao-teja" onclick="if (!window.__cfRLUnblockHandlers) return false; ga('send', 'event', { eventCategory: 'Kategorija', eventAction: 'Klikšķis', eventLabel: 'Kategorija Kafija, kakao, tēja'});">
                                            <span class="lv-filter-category__icon lv-filter-category__icon_18"></span>
                                            <span class="lv-filter-category__label">Kafija, kakao, tēja</span>
                                            <span class="lv-filter-category__counter">(19)</span>
                                            <input type="checkbox" name="categories[]" class="sales-filter-category" value="57">
                                        </a>
                                    </li>
                                                                    <li class="lv-filter-offers__item">
                                        <a class="lv-filter-category category_47" tabindex="0" role="button" data-id="47" data-slug="bezalkoholiskie-dzerieni" onclick="if (!window.__cfRLUnblockHandlers) return false; ga('send', 'event', { eventCategory: 'Kategorija', eventAction: 'Klikšķis', eventLabel: 'Kategorija Bezalkoholiskie dzērieni'});">
                                            <span class="lv-filter-category__icon lv-filter-category__icon_19"></span>
                                            <span class="lv-filter-category__label">Bezalkoholiskie dzērieni</span>
                                            <span class="lv-filter-category__counter">(47)</span>
                                            <input type="checkbox" name="categories[]" class="sales-filter-category" value="47">
                                        </a>
                                    </li>
                                                                    <li class="lv-filter-offers__item">
                                        <a class="lv-filter-category category_64" tabindex="0" role="button" data-id="64" data-slug="mazulu-un-bernu-preces" onclick="if (!window.__cfRLUnblockHandlers) return false; ga('send', 'event', { eventCategory: 'Kategorija', eventAction: 'Klikšķis', eventLabel: 'Kategorija Mazuļu un bērnu preces'});">
                                            <span class="lv-filter-category__icon lv-filter-category__icon_20"></span>
                                            <span class="lv-filter-category__label">Mazuļu un bērnu preces</span>
                                            <span class="lv-filter-category__counter">(29)</span>
                                            <input type="checkbox" name="categories[]" class="sales-filter-category" value="64">
                                        </a>
                                    </li>
                                                                    <li class="lv-filter-offers__item">
                                        <a class="lv-filter-category category_46" tabindex="0" role="button" data-id="46" data-slug="preces-dzivniekiem" onclick="if (!window.__cfRLUnblockHandlers) return false; ga('send', 'event', { eventCategory: 'Kategorija', eventAction: 'Klikšķis', eventLabel: 'Kategorija Preces dzīvniekiem'});">
                                            <span class="lv-filter-category__icon lv-filter-category__icon_21"></span>
                                            <span class="lv-filter-category__label">Preces dzīvniekiem</span>
                                            <span class="lv-filter-category__counter">(11)</span>
                                            <input type="checkbox" name="categories[]" class="sales-filter-category" value="46">
                                        </a>
                                    </li>
                                                                    <li class="lv-filter-offers__item">
                                        <a class="lv-filter-category category_48" tabindex="0" role="button" data-id="48" data-slug="apgerbi-un-apavi" onclick="if (!window.__cfRLUnblockHandlers) return false; ga('send', 'event', { eventCategory: 'Kategorija', eventAction: 'Klikšķis', eventLabel: 'Kategorija Apģērbi un apavi'});">
                                            <span class="lv-filter-category__icon lv-filter-category__icon_22"></span>
                                            <span class="lv-filter-category__label">Apģērbi un apavi</span>
                                            <span class="lv-filter-category__counter">(5)</span>
                                            <input type="checkbox" name="categories[]" class="sales-filter-category" value="48">
                                        </a>
                                    </li>
                                                                    <li class="lv-filter-offers__item">
                                        <a class="lv-filter-category category_52" tabindex="0" role="button" data-id="52" data-slug="kosmetika-un-higiena" onclick="if (!window.__cfRLUnblockHandlers) return false; ga('send', 'event', { eventCategory: 'Kategorija', eventAction: 'Klikšķis', eventLabel: 'Kategorija Kosmētika un higiēna'});">
                                            <span class="lv-filter-category__icon lv-filter-category__icon_23"></span>
                                            <span class="lv-filter-category__label">Kosmētika un higiēna</span>
                                            <span class="lv-filter-category__counter">(146)</span>
                                            <input type="checkbox" name="categories[]" class="sales-filter-category" value="52">
                                        </a>
                                    </li>
                                                                    <li class="lv-filter-offers__item">
                                        <a class="lv-filter-category category_55" tabindex="0" role="button" data-id="55" data-slug="sadzives-kimija" onclick="if (!window.__cfRLUnblockHandlers) return false; ga('send', 'event', { eventCategory: 'Kategorija', eventAction: 'Klikšķis', eventLabel: 'Kategorija Sadzīves ķīmija'});">
                                            <span class="lv-filter-category__icon lv-filter-category__icon_24"></span>
                                            <span class="lv-filter-category__label">Sadzīves ķīmija</span>
                                            <span class="lv-filter-category__counter">(194)</span>
                                            <input type="checkbox" name="categories[]" class="sales-filter-category" value="55">
                                        </a>
                                    </li>
                                                                    <li class="lv-filter-offers__item">
                                        <a class="lv-filter-category category_62" tabindex="0" role="button" data-id="62" data-slug="rupniecibas-preces" onclick="if (!window.__cfRLUnblockHandlers) return false; ga('send', 'event', { eventCategory: 'Kategorija', eventAction: 'Klikšķis', eventLabel: 'Kategorija Rūpniecības preces'});">
                                            <span class="lv-filter-category__icon lv-filter-category__icon_25"></span>
                                            <span class="lv-filter-category__label">Rūpniecības preces</span>
                                            <span class="lv-filter-category__counter">(50)</span>
                                            <input type="checkbox" name="categories[]" class="sales-filter-category" value="62">
                                        </a>
                                    </li>
                                                                    <li class="lv-filter-offers__item">
                                        <a class="lv-filter-category category_58" tabindex="0" role="button" data-id="58" data-slug="augi-un-to-kopsanas-lidzekli" onclick="if (!window.__cfRLUnblockHandlers) return false; ga('send', 'event', { eventCategory: 'Kategorija', eventAction: 'Klikšķis', eventLabel: 'Kategorija Augi un to kopšanas līdzekļi'});">
                                            <span class="lv-filter-category__icon lv-filter-category__icon_26"></span>
                                            <span class="lv-filter-category__label">Augi un to kopšanas līdzekļi</span>
                                            <span class="lv-filter-category__counter">(17)</span>
                                            <input type="checkbox" name="categories[]" class="sales-filter-category" value="58">
                                        </a>
                                    </li>
                                                                    <li class="lv-filter-offers__item">
                                        <a class="lv-filter-category category_71" tabindex="0" role="button" data-id="71" data-slug="veganisks" onclick="if (!window.__cfRLUnblockHandlers) return false; ga('send', 'event', { eventCategory: 'Kategorija', eventAction: 'Klikšķis', eventLabel: 'Kategorija Vegānisks'});">
                                            <span class="lv-filter-category__icon lv-filter-category__icon_31"></span>
                                            <span class="lv-filter-category__label">Vegānisks</span>
                                            <span class="lv-filter-category__counter">(1)</span>
                                            <input type="checkbox" name="categories[]" class="sales-filter-category" value="71">
                                        </a>
                                    </li>
                                                            </ul>
                        </div>

                        <div class="lv-filter-offers__block lv-filter-filters">
                            <div class="lv-filter-offers__block-title lv-filter-offers__block-title--mb-sm">
                                Citi filtri
                            </div>
                                                                                                <a class="lv-filter-category filter_20" tabindex="0" role="button">
                                                                                    <span class="lv-filter-category__label"> Latvijas produkti</span>
                                            <div class="lv-filter-category__latvia"></div>
                                        
                                        <input type="checkbox" name="filters[]" class="sales-filter-category" value="20">
                                    </a>
                                                                                                                                                                                            <a class="lv-filter-category filter_17" tabindex="0" role="button">
                                                                                    <span class="lv-filter-category__label">Meistara Marka</span>
                                        
                                        <input type="checkbox" name="filters[]" class="sales-filter-category" value="17">
                                    </a>
                                                                                                                                                </div>

                        <div class="btn lv-filter__clear" tabindex="0" role="button" aria-label="Nodzēst filtru">
                            <img src="/images/front/icons/delete-filter.svg" alt="Clear filter"> Nodzēst filtru &nbsp; &nbsp;
                        </div>
                    </div>
                </form>
            </div>
            <div class="lv-col-md lv-col-md--9">
                <div class="offers-not-found" style="display: none">
                    <div>
                        <img src="/images/front/layout/not-found-icon.svg" alt="Not found">
                        <h2 class="">Piedāvājumi nav atrasti</h2>
                        <p>Ielūkojies citās kategorijās vai paplašini meklēšanas kritērijus</p>
                    </div>
                </div>

                <div class="lv-offers-list">
                    <div id="offers_container" class="lv-offers-wrap offers">
                        
                                                    
                            
                            
                            <div class="col-third offer-item">
    <div class="item bl_shadow product-243203   offer-2-l-sp-sku units-price       top-product " data-product-id="243203" data-timeout="5" data-dates-interval="10.02. - 16.02.2026." tabindex="0" role="button">
                                                    <div class="discount price with-unit-price ">
                                                        <div class="bottom-icon with-unit-price">
                                    <span class="bottom-icon-item icon-51 " style="background-image: url('/uploads/sale/zemo-ceno-grozs-9876.png')" data-code="500">
                                                    <span class="sign">-</span>
                            <span class="value">41</span>
                            <span class="per">%</span>
                                            </span>
                            </div>
            
                    <div class="t1 with-unit-price ">
            <span class="value">0</span>
            <span class="cents">99</span>
            <span class="eur">€</span>
            <span class="unit-price">0,40 €/kg</span>
        </div>
                    <div class="t2">
                <span class="value">1,69</span>
                <span class="eur">€</span>
            </div>
            <div class="t3 ">
                <span class="value">1</span>
                <span class="cents">69</span>
                <span class="eur">€</span>
                            </div>
            
    <span class="vline"></span>
</div>                    		
                    <div class="info-tag-top-product">
                <img src="/images/front/sale/icons/nedelas-top-new.png" alt="Nedelas top">
            </div>
        
        
        <div class="tags tags_primary bottom_icons">
                                                            
                                <div data-alt="Nedēļas TOP piedāvājums" class="tag tag-soap-12 " style="background-image: url('/uploads/sale/nedelas-top-piedavajums-1187.png');                     ">
                </div>
                                            
                    </div>
        <div class="tags tags_primary info_icon">
            
    <div data-alt="Prece pieejama 10.02. - 16.02." class="tag i"></div>

        </div>

        <div class="info-notice">
            


                                                                            </div>

        <div class="img">
          <img alt="Sarkanie kartupeļi, 2,5 kg" src="/uploads/sale/2026/sales_page/02/09//sarkanie-kartupeli-00001-0209103042.png?1770625842">
        </div>
        <div class="text       ">
            <div class="title">Sarkanie kartupeļi, 2,5 kg</div>
            <div class="pack">
                <span class="ptitle"></span>
                <span class="price"> </span>
            </div>
                    </div>
        <div class="infopop">
            <div class="in"><span></span>
                <div class="arrow_top"></div>
                <div class="arrow_bottom"></div>
            </div>
        </div>
    </div>
</div>                                                    
                            
                            
                            <div class="col-third offer-item">
    <div class="item bl_shadow product-243204   offer-2-l-sp-sku units-price       top-product " data-product-id="243204" data-timeout="5" data-dates-interval="10.02. - 16.02.2026." tabindex="0" role="button">
                                                    <div class="discount price with-unit-price ">
                                                        <div class="bottom-icon with-unit-price">
                                    <span class="bottom-icon-item icon-51 " style="background-image: url('/uploads/sale/zemo-ceno-grozs-9876.png')" data-code="500">
                                                    <span class="sign">-</span>
                            <span class="value">30</span>
                            <span class="per">%</span>
                                            </span>
                            </div>
            
                    <div class="t1 with-unit-price ">
            <span class="value">1</span>
            <span class="cents">39</span>
            <span class="eur">€</span>
            <span class="unit-price">5,56 €/kg</span>
        </div>
                    <div class="t2">
                <span class="value">1,99</span>
                <span class="eur">€</span>
            </div>
            <div class="t3 ">
                <span class="value">1</span>
                <span class="cents">99</span>
                <span class="eur">€</span>
                            </div>
            
    <span class="vline"></span>
</div>                    		
                    <div class="info-tag-top-product">
                <img src="/images/front/sale/icons/nedelas-top-new.png" alt="Nedelas top">
            </div>
        
        
        <div class="tags tags_primary bottom_icons">
                                                            
                                <div data-alt="Nedēļas TOP piedāvājums" class="tag tag-soap-12 " style="background-image: url('/uploads/sale/nedelas-top-piedavajums-1187.png');                     ">
                </div>
                                            
                    </div>
        <div class="tags tags_primary info_icon">
            
    <div data-alt="Prece pieejama 10.02. - 16.02." class="tag i"></div>

        </div>

        <div class="info-notice">
            


                                                                            </div>

        <div class="img">
          <img alt="Saldie mini plūmju tomāti WELL DONE, 250 g" src="/uploads/sale/2026/sales_page/02/09//saldie-mini-plumju-tomati-well-done-00002-0209103042.png?1770625842">
        </div>
        <div class="text       ">
            <div class="title">Saldie mini plūmju tomāti WELL DONE, 250 g</div>
            <div class="pack">
                <span class="ptitle"></span>
                <span class="price"> </span>
            </div>
                    </div>
        <div class="infopop">
            <div class="in"><span></span>
                <div class="arrow_top"></div>
                <div class="arrow_bottom"></div>
            </div>
        </div>
    </div>
</div>                                                    
                            
                            
                            <div class="col-third offer-item">
    <div class="item bl_shadow product-243205   offer-2-l-sp-sku        top-product " data-product-id="243205" data-timeout="5" data-dates-interval="10.02. - 16.02.2026." tabindex="0" role="button">
                                                    <div class="discount price  ">
                                                        <div class="bottom-icon ">
                                    <span class="bottom-icon-item icon-51 " style="background-image: url('/uploads/sale/zemo-ceno-grozs-9876.png')" data-code="500">
                                                    <span class="sign">-</span>
                            <span class="value">46</span>
                            <span class="per">%</span>
                                            </span>
                            </div>
            
                    <div class="t1  ">
            <span class="value">1</span>
            <span class="cents">29</span>
            <span class="eur">€</span>
            <span class="unit-price"></span>
        </div>
                    <div class="t2">
                <span class="value">2,39</span>
                <span class="eur">€</span>
            </div>
            <div class="t3 ">
                <span class="value">2</span>
                <span class="cents">39</span>
                <span class="eur">€</span>
                            </div>
            
    <span class="vline"></span>
</div>                    		
                    <div class="info-tag-top-product">
                <img src="/images/front/sale/icons/nedelas-top-new.png" alt="Nedelas top">
            </div>
        
        
        <div class="tags tags_primary bottom_icons">
                                                            
                                <div data-alt="Nedēļas TOP piedāvājums" class="tag tag-soap-12 " style="background-image: url('/uploads/sale/nedelas-top-piedavajums-1187.png');                     ">
                </div>
                                            
                    </div>
        <div class="tags tags_primary info_icon">
            
    <div data-alt="Prece pieejama 10.02. - 16.02." class="tag i"></div>

        </div>

        <div class="info-notice">
            


                                                                            </div>

        <div class="img">
          <img alt="Lielie apelsīni NAVEL, 1 kg" src="/uploads/sale/2026/sales_page/02/09//lielie-apelsini-navel-00003-0209103042.png?1770625842">
        </div>
        <div class="text       ">
            <div class="title">Lielie apelsīni NAVEL, 1 kg</div>
            <div class="pack">
                <span class="ptitle"></span>
                <span class="price"> </span>
            </div>
                    </div>
        <div class="infopop">
            <div class="in"><span></span>
                <div class="arrow_top"></div>
                <div class="arrow_bottom"></div>
            </div>
        </div>
    </div>
</div>                                                    
                            
                            
                            <div class="col-third offer-item">
    <div class="item bl_shadow product-243206   offer-2-l-sp-sku        top-product " data-product-id="243206" data-timeout="5" data-dates-interval="10.02. - 16.02.2026." tabindex="0" role="button">
                                                    <div class="discount price  ">
                                                                                        <div class="bottom-icon ">
                                    <span class="bottom-icon-item icon-51 " style="background-image: url('/uploads/sale/zemo-ceno-grozs-9876.png')" data-code="500">
                                                    <span class="sign">-</span>
                            <span class="value">59</span>
                            <span class="per">%</span>
                                            </span>
                            </div>
            
                    <div class="t1  ">
            <span class="value">3</span>
            <span class="cents">69</span>
            <span class="eur">€</span>
            <span class="unit-price"></span>
        </div>
                    <div class="t2">
                <span class="value">8,99</span>
                <span class="eur">€</span>
            </div>
            <div class="t3 ">
                <span class="value">8</span>
                <span class="cents">99</span>
                <span class="eur">€</span>
                            </div>
            
    <span class="vline"></span>
</div>                    		
                    <div class="info-tag-top-product">
                <img src="/images/front/sale/icons/nedelas-top-new.png" alt="Nedelas top">
            </div>
        
        
        <div class="tags tags_primary bottom_icons">
                                                            
                                <div data-alt="Latvijas produkts" class="tag tag-soap-6 " style="background-image: url('/uploads/sale/latvijas-produkts-3559.png');                     ">
                </div>
                                                                            
                                <div data-alt="Nedēļas TOP piedāvājums" class="tag tag-soap-12 " style="background-image: url('/uploads/sale/nedelas-top-piedavajums-1187.png');                     ">
                </div>
                                            
                    </div>
        <div class="tags tags_primary info_icon">
            
    <div data-alt="Prece pieejama 10.02. - 16.02." class="tag i"></div>

        </div>

        <div class="info-notice">
            


                                                                                                        </div>

        <div class="img">
          <img alt="Cāļa gaļas nageti XXL ĀDAŽI, 1 kg" src="/uploads/sale/2026/sales_page/02/09//cala-galas-nageti-xxl-adazi-00004-0209103042.png?1770625842">
        </div>
        <div class="text       ">
            <div class="title">Cāļa gaļas nageti XXL ĀDAŽI, 1 kg</div>
            <div class="pack">
                <span class="ptitle"></span>
                <span class="price"> </span>
            </div>
                    </div>
        <div class="infopop">
            <div class="in"><span></span>
                <div class="arrow_top"></div>
                <div class="arrow_bottom"></div>
            </div>
        </div>
    </div>
</div>                                                    
                            
                            
                            <div class="col-third offer-item">
    <div class="item bl_shadow product-243187   offer-2-l-sp-sku        top-product " data-product-id="243187" data-timeout="5" data-dates-interval="10.02. - 16.02.2026." tabindex="0" role="button">
                                                    <div class="discount price  ">
                                                        <div class="bottom-icon ">
                                    <span class="bottom-icon-item icon-51 " style="background-image: url('/uploads/sale/zemo-ceno-grozs-9876.png')" data-code="500">
                                                    <span class="sign">-</span>
                            <span class="value">33</span>
                            <span class="per">%</span>
                                            </span>
                            </div>
                                            
                    <div class="t1  ">
            <span class="value">5</span>
            <span class="cents">99</span>
            <span class="eur">€</span>
            <span class="unit-price"></span>
        </div>
                    <div class="t2">
                <span class="value">8,99</span>
                <span class="eur">€</span>
            </div>
            <div class="t3 ">
                <span class="value">8</span>
                <span class="cents">99</span>
                <span class="eur">€</span>
                            </div>
            
    <span class="vline"></span>
</div>                    		
                    <div class="info-tag-top-product">
                <img src="/images/front/sale/icons/nedelas-top-new.png" alt="Nedelas top">
            </div>
        
        
        <div class="tags tags_primary bottom_icons">
                                                            
                                <div data-alt="Nedēļas TOP piedāvājums" class="tag tag-soap-12 " style="background-image: url('/uploads/sale/nedelas-top-piedavajums-1187.png');                     ">
                </div>
                                                                                                
                    </div>
        <div class="tags tags_primary info_icon">
            
    <div data-alt="Prece pieejama 10.02. - 16.02." class="tag i"></div>

        </div>

        <div class="info-notice">
            


                                                                                                        </div>

        <div class="img">
          <img alt="Cāļa fileja SULĪGĀ RĪGAS MIESNIEKS, 1 kg, fasēta" src="/uploads/sale/2026/sales_page/02/09//cala-fileja-suliga-rigas-miesnieks-00005-0209103040.png?1770625840">
        </div>
        <div class="text       ">
            <div class="title">Cāļa fileja SULĪGĀ RĪGAS MIESNIEKS, 1 kg, fasēta</div>
            <div class="pack">
                <span class="ptitle"></span>
                <span class="price"> </span>
            </div>
                    </div>
        <div class="infopop">
            <div class="in"><span></span>
                <div class="arrow_top"></div>
                <div class="arrow_bottom"></div>
            </div>
        </div>
    </div>
</div>                                                    
                            
                            
                            <div class="col-third offer-item">
    <div class="item bl_shadow product-243188   offer-2-l-sp-sku        top-product " data-product-id="243188" data-timeout="5" data-dates-interval="10.02. - 16.02.2026." tabindex="0" role="button">
                                                    <div class="discount price  ">
                                                        <div class="bottom-icon ">
                                    <span class="bottom-icon-item icon-51 " style="background-image: url('/uploads/sale/zemo-ceno-grozs-9876.png')" data-code="500">
                                                    <span class="sign">-</span>
                            <span class="value">45</span>
                            <span class="per">%</span>
                                            </span>
                            </div>
                                            
                    <div class="t1  ">
            <span class="value">3</span>
            <span class="cents">29</span>
            <span class="eur">€</span>
            <span class="unit-price"></span>
        </div>
                    <div class="t2">
                <span class="value">5,99</span>
                <span class="eur">€</span>
            </div>
            <div class="t3 ">
                <span class="value">5</span>
                <span class="cents">99</span>
                <span class="eur">€</span>
                            </div>
            
    <span class="vline"></span>
</div>                    		
                    <div class="info-tag-top-product">
                <img src="/images/front/sale/icons/nedelas-top-new.png" alt="Nedelas top">
            </div>
        
        
        <div class="tags tags_primary bottom_icons">
                                                            
                                <div data-alt="Nedēļas TOP piedāvājums" class="tag tag-soap-12 " style="background-image: url('/uploads/sale/nedelas-top-piedavajums-1187.png');                     ">
                </div>
                                                                                                
                    </div>
        <div class="tags tags_primary info_icon">
            
    <div data-alt="Prece pieejama 10.02. - 16.02." class="tag i"></div>

        </div>

        <div class="info-notice">
            


                                                                                                        </div>

        <div class="img">
          <img alt="Cūkgaļas karbonāde bez ādas, 1 kg" src="/uploads/sale/2026/sales_page/02/09//cukgalas-karbonade-bez-adas-00006-0209103040.png?1770625840">
        </div>
        <div class="text       ">
            <div class="title">Cūkgaļas karbonāde bez ādas, 1 kg</div>
            <div class="pack">
                <span class="ptitle"></span>
                <span class="price"> </span>
            </div>
                    </div>
        <div class="infopop">
            <div class="in"><span></span>
                <div class="arrow_top"></div>
                <div class="arrow_bottom"></div>
            </div>
        </div>
    </div>
</div>                                                    
                            
                            
                            <div class="col-third offer-item">
    <div class="item bl_shadow product-243189   offer-2-l-sp-sku        top-product " data-product-id="243189" data-timeout="5" data-dates-interval="11.02. - 16.02.2026." tabindex="0" role="button">
                                                    <div class="discount price  ">
                                                        <div class="bottom-icon ">
                                    <span class="bottom-icon-item icon-51 " style="background-image: url('/uploads/sale/zemo-ceno-grozs-9876.png')" data-code="500">
                                                    <span class="sign">-</span>
                            <span class="value">50</span>
                            <span class="per">%</span>
                                            </span>
                            </div>
            
                    <div class="t1  ">
            <span class="value">5</span>
            <span class="cents">99</span>
            <span class="eur">€</span>
            <span class="unit-price"></span>
        </div>
                    <div class="t2">
                <span class="value">11,99</span>
                <span class="eur">€</span>
            </div>
            <div class="t3 ">
                <span class="value">11</span>
                <span class="cents">99</span>
                <span class="eur">€</span>
                            </div>
            
    <span class="vline"></span>
</div>                    		
                    <div class="info-tag-top-product">
                <img src="/images/front/sale/icons/nedelas-top-new.png" alt="Nedelas top">
            </div>
        
        
        <div class="tags tags_primary bottom_icons">
                                                            
                                <div data-alt="Nedēļas TOP piedāvājums" class="tag tag-soap-12 " style="background-image: url('/uploads/sale/nedelas-top-piedavajums-1187.png');                     ">
                </div>
                                            
                    </div>
        <div class="tags tags_primary info_icon">
            
    <div data-alt="NO TREŠDIENAS 11.02.–16.02.&lt;br&gt;Prece pieejama 11.02. - 16.02." class="tag i"></div>

        </div>

        <div class="info-notice">
            


                                                                            </div>

        <div class="img">
          <img alt="Varavīksnes forele, 1 kg" src="/uploads/sale/2026/sales_page/02/09//varaviksnes-forele-00007-0209103040.png?1770625840">
        </div>
        <div class="text       ">
            <div class="title">Varavīksnes forele, 1 kg</div>
            <div class="pack">
                <span class="ptitle"></span>
                <span class="price"> </span>
            </div>
                    </div>
        <div class="infopop">
            <div class="in"><span></span>
                <div class="arrow_top"></div>
                <div class="arrow_bottom"></div>
            </div>
        </div>
    <div class="info-notice-circle-1" style="right: 148px; top: 121px;">    <div class="info-notice-circle-wrapper">      <div class="info-notice-circle-title">NO</div>      <div class="info-notice-circle-text">TREŠDIENAS<br>11.02.–16.02.</div>    </div></div></div>
</div>                                                    
                            
                            
                            <div class="col-third offer-item">
    <div class="item bl_shadow product-243190 paldies-card  offer-2-l-sp-sku units-price       top-product " data-product-id="243190" data-timeout="5" data-dates-interval="10.02. - 16.02.2026." tabindex="0" role="button">
                                                    <div class="discount price with-unit-price ">
                                                                            <div class="paldies-card-icon with-unit-price">
                        <img src="/images/front/icons/paldies2-icon.png" alt="Paldies">
                    </div>
                                                                
                    <div class="t1 with-unit-price paldies-card">
            <span class="value">13</span>
            <span class="cents">99</span>
            <span class="eur">€</span>
            <span class="unit-price">34,98 €/kg</span>
        </div>
                    <div class="t2">
                <span class="value">16,89</span>
                <span class="eur">€</span>
            </div>
            <div class="t3 with-unit-price">
                <span class="value">16</span>
                <span class="cents">89</span>
                <span class="eur">€</span>
                <span class="unit-price">42,23 €/kg</span>            </div>
            
    <span class="vline"></span>
</div>                    		
                    <div class="info-tag-top-product">
                <img src="/images/front/sale/icons/nedelas-top-new.png" alt="Nedelas top">
            </div>
        
        
        <div class="tags tags_primary bottom_icons">
                                                            
                                <div data-alt="Atlaide ar PALDIES karti" class="tag tag-soap-2 " style="background-image: url('/uploads/sale/atlaide-ar-paldies-karti-7358.png');                     ">
                </div>
                                                                            
                                <div data-alt="Nedēļas TOP piedāvājums" class="tag tag-soap-12 " style="background-image: url('/uploads/sale/nedelas-top-piedavajums-1187.png');                     ">
                </div>
                            
                    </div>
        <div class="tags tags_primary info_icon">
            

        </div>

        <div class="info-notice">
            


                                                                            </div>

        <div class="img">
          <img alt="Šķīstošā kafija JACOBS KRONUNG, 1 iepak./2x 200 g" src="/uploads/sale/2026/sales_page/02/09//skistosa-kafija-jacobs-kronung-00008-0209103040.png?1770625840">
        </div>
        <div class="text paldies-card      ">
            <div class="title">Šķīstošā kafija JACOBS KRONUNG, 1 iepak./2x 200 g</div>
            <div class="pack">
                <span class="ptitle"></span>
                <span class="price"> 42,23 €/kg</span>
            </div>
                    </div>
        <div class="infopop">
            <div class="in"><span></span>
                <div class="arrow_top"></div>
                <div class="arrow_bottom"></div>
            </div>
        </div>
    </div>
</div>                                                    
                            
                            
                            <div class="col-third offer-item">
    <div class="item bl_shadow product-243191 paldies-card  offer-2-l-sp-sku units-price       top-product " data-product-id="243191" data-timeout="5" data-dates-interval="10.02. - 16.02.2026." tabindex="0" role="button">
                                                    <div class="discount price with-unit-price ">
                                                                            <div class="paldies-card-icon with-unit-price">
                        <img src="/images/front/icons/paldies2-icon.png" alt="Paldies">
                    </div>
                                                                
                    <div class="t1 with-unit-price paldies-card">
            <span class="value">8</span>
            <span class="cents">99</span>
            <span class="eur">€</span>
            <span class="unit-price">11,24 €/kg</span>
        </div>
                    <div class="t2">
                <span class="value">17,99</span>
                <span class="eur">€</span>
            </div>
            <div class="t3 with-unit-price">
                <span class="value">17</span>
                <span class="cents">99</span>
                <span class="eur">€</span>
                <span class="unit-price">22,49 €/kg</span>            </div>
            
    <span class="vline"></span>
</div>                    		
                    <div class="info-tag-top-product">
                <img src="/images/front/sale/icons/nedelas-top-new.png" alt="Nedelas top">
            </div>
        
        
        <div class="tags tags_primary bottom_icons">
                                                            
                                <div data-alt="Atlaide ar PALDIES karti" class="tag tag-soap-2 " style="background-image: url('/uploads/sale/atlaide-ar-paldies-karti-7358.png');                     ">
                </div>
                                                                            
                                <div data-alt="Nedēļas TOP piedāvājums" class="tag tag-soap-12 " style="background-image: url('/uploads/sale/nedelas-top-piedavajums-1187.png');                     ">
                </div>
                            
                    </div>
        <div class="tags tags_primary info_icon">
            

        </div>

        <div class="info-notice">
            


                                                                            </div>

        <div class="img">
          <img alt="Pistācijas ARIMEX, 800 g, grauzdētas, sālītas" src="/uploads/sale/2026/sales_page/02/09//pistacijas-arimex-00009-0209103040.png?1770625840">
        </div>
        <div class="text paldies-card      ">
            <div class="title">Pistācijas ARIMEX, 800 g, grauzdētas, sālītas</div>
            <div class="pack">
                <span class="ptitle"></span>
                <span class="price"> 22,49 €/kg</span>
            </div>
                    </div>
        <div class="infopop">
            <div class="in"><span></span>
                <div class="arrow_top"></div>
                <div class="arrow_bottom"></div>
            </div>
        </div>
    </div>
</div>                                                    
                            
                            
                            <div class="col-third offer-item">
    <div class="item bl_shadow product-243192   offer-2-l-sp-sku units-price       top-product " data-product-id="243192" data-timeout="5" data-dates-interval="10.02. - 16.02.2026." tabindex="0" role="button">
                                                    <div class="discount price with-unit-price ">
                                                                                        <div class="bottom-icon with-unit-price">
                                    <span class="bottom-icon-item icon-51 " style="background-image: url('/uploads/sale/zemo-ceno-grozs-9876.png')" data-code="500">
                                                    <span class="sign">-</span>
                            <span class="value">41</span>
                            <span class="per">%</span>
                                            </span>
                            </div>
                                            
                    <div class="t1 with-unit-price ">
            <span class="value">1</span>
            <span class="cents">29</span>
            <span class="eur">€</span>
            <span class="unit-price">3,58 €/kg</span>
        </div>
                    <div class="t2">
                <span class="value">2,19</span>
                <span class="eur">€</span>
            </div>
            <div class="t3 ">
                <span class="value">2</span>
                <span class="cents">19</span>
                <span class="eur">€</span>
                            </div>
            
    <span class="vline"></span>
</div>                    		
                    <div class="info-tag-top-product">
                <img src="/images/front/sale/icons/nedelas-top-new.png" alt="Nedelas top">
            </div>
        
        
        <div class="tags tags_primary bottom_icons">
                                                            
                                <div data-alt="Latvijas produkts" class="tag tag-soap-6 " style="background-image: url('/uploads/sale/latvijas-produkts-3559.png');                     ">
                </div>
                                                                            
                                <div data-alt="Nedēļas TOP piedāvājums" class="tag tag-soap-12 " style="background-image: url('/uploads/sale/nedelas-top-piedavajums-1187.png');                     ">
                </div>
                                                                                                
                    </div>
        <div class="tags tags_primary info_icon">
            
    <div data-alt="Prece pieejama 10.02. - 16.02." class="tag i"></div>

        </div>

        <div class="info-notice">
            


                                                                                                                                    </div>

        <div class="img">
          <img alt="Skābais krējums EXPORTA, 360 g, 25%" src="/uploads/sale/2026/sales_page/02/09//skabais-krejums-exporta-00010-0209103040.png?1770625840">
        </div>
        <div class="text       ">
            <div class="title">Skābais krējums EXPORTA, 360 g, 25%</div>
            <div class="pack">
                <span class="ptitle"></span>
                <span class="price"> </span>
            </div>
                    </div>
        <div class="infopop">
            <div class="in"><span></span>
                <div class="arrow_top"></div>
                <div class="arrow_bottom"></div>
            </div>
        </div>
    </div>
</div>                                                    
                            
                            
                            <div class="col-third offer-item">
    <div class="item bl_shadow product-243193   offer-2-l-sp-sku        top-product " data-product-id="243193" data-timeout="5" data-dates-interval="10.02. - 16.02.2026." tabindex="0" role="button">
                                                    <div class="discount price  ">
                                                        <div class="bottom-icon ">
                                    <span class="bottom-icon-item icon-51 " style="background-image: url('/uploads/sale/zemo-ceno-grozs-9876.png')" data-code="500">
                                                    <span class="sign">-</span>
                            <span class="value">56</span>
                            <span class="per">%</span>
                                            </span>
                            </div>
            
                    <div class="t1  ">
            <span class="value">3</span>
            <span class="cents">99</span>
            <span class="eur">€</span>
            <span class="unit-price"></span>
        </div>
                    <div class="t2">
                <span class="value">8,99</span>
                <span class="eur">€</span>
            </div>
            <div class="t3 ">
                <span class="value">8</span>
                <span class="cents">99</span>
                <span class="eur">€</span>
                            </div>
            
    <span class="vline"></span>
</div>                    		
                    <div class="info-tag-top-product">
                <img src="/images/front/sale/icons/nedelas-top-new.png" alt="Nedelas top">
            </div>
        
        
        <div class="tags tags_primary bottom_icons">
                                                            
                                <div data-alt="Nedēļas TOP piedāvājums" class="tag tag-soap-12 " style="background-image: url('/uploads/sale/nedelas-top-piedavajums-1187.png');                     ">
                </div>
                                            
                    </div>
        <div class="tags tags_primary info_icon">
            
    <div data-alt="Prece pieejama 10.02. - 16.02." class="tag i"></div>

        </div>

        <div class="info-notice">
            


                                                                            </div>

        <div class="img">
          <img alt="Tilzītes siers FARM MILK, 1 kg, 45%" src="/uploads/sale/2026/sales_page/02/09//tilzites-siers-farm-milk-00011-0209103040.png?1770625840">
        </div>
        <div class="text       ">
            <div class="title">Tilzītes siers FARM MILK, 1 kg, 45%</div>
            <div class="pack">
                <span class="ptitle"></span>
                <span class="price"> </span>
            </div>
                    </div>
        <div class="infopop">
            <div class="in"><span></span>
                <div class="arrow_top"></div>
                <div class="arrow_bottom"></div>
            </div>
        </div>
    </div>
</div>                                                    
                            
                            
                            <div class="col-third offer-item">
    <div class="item bl_shadow product-243194 paldies-card  offer-2-l-sp-sku units-price       top-product " data-product-id="243194" data-timeout="5" data-dates-interval="10.02. - 16.02.2026." tabindex="0" role="button">
                                                    <div class="discount price with-unit-price ">
                                                                            <div class="paldies-card-icon with-unit-price">
                        <img src="/images/front/icons/paldies2-icon.png" alt="Paldies">
                    </div>
                                                                
                    <div class="t1 with-unit-price paldies-card">
            <span class="value">21</span>
            <span class="cents">99</span>
            <span class="eur">€</span>
            <span class="unit-price">0,22 €/gab.</span>
        </div>
                    <div class="t2">
                <span class="value">49,99</span>
                <span class="eur">€</span>
            </div>
            <div class="t3 with-unit-price">
                <span class="value">49</span>
                <span class="cents">99</span>
                <span class="eur">€</span>
                <span class="unit-price">0,50 €/gab.</span>            </div>
            
    <span class="vline"></span>
</div>                    		
                    <div class="info-tag-top-product">
                <img src="/images/front/sale/icons/nedelas-top-new.png" alt="Nedelas top">
            </div>
        
        
        <div class="tags tags_primary bottom_icons">
                                                            
                                <div data-alt="Atlaide ar PALDIES karti" class="tag tag-soap-2 " style="background-image: url('/uploads/sale/atlaide-ar-paldies-karti-7358.png');                     ">
                </div>
                                                                            
                                <div data-alt="Nedēļas TOP piedāvājums" class="tag tag-soap-12 " style="background-image: url('/uploads/sale/nedelas-top-piedavajums-1187.png');                     ">
                </div>
                            
                    </div>
        <div class="tags tags_primary info_icon">
            

        </div>

        <div class="info-notice">
            


                                                                            </div>

        <div class="img">
          <img alt="Veļas mazgāšanas kapsulas PERSIL COLOR, 1 iepak./100 gab.+ K2R, 3 m.r." src="/uploads/sale/2026/sales_page/02/09//velas-mazgasanas-kapsulas-persil-color-00012-0209103040.png?1770625840">
        </div>
        <div class="text paldies-card      ">
            <div class="title">Veļas mazgāšanas kapsulas PERSIL COLOR, 1 iepak./100 gab.+ K2R, 3 m.r.</div>
            <div class="pack">
                <span class="ptitle"></span>
                <span class="price"> 0,50 €/gab.</span>
            </div>
                    </div>
        <div class="infopop">
            <div class="in"><span></span>
                <div class="arrow_top"></div>
                <div class="arrow_bottom"></div>
            </div>
        </div>
    </div>
</div>                                                    
                            
                            
                            <div class="col-third offer-item">
    <div class="item bl_shadow product-243195   offer-2-l-sp-sku units-price       top-product " data-product-id="243195" data-timeout="5" data-dates-interval="10.02. - 16.02.2026." tabindex="0" role="button">
                                                    <div class="discount price with-unit-price ">
                                                        <div class="bottom-icon with-unit-price">
                                    <span class="bottom-icon-item icon-51 " style="background-image: url('/uploads/sale/zemo-ceno-grozs-9876.png')" data-code="500">
                                                    <span class="sign">-</span>
                            <span class="value">48</span>
                            <span class="per">%</span>
                                            </span>
                            </div>
            
                    <div class="t1 with-unit-price ">
            <span class="value">6</span>
            <span class="cents">59</span>
            <span class="eur">€</span>
            <span class="unit-price">0,16 €/rullis</span>
        </div>
                    <div class="t2">
                <span class="value">12,59</span>
                <span class="eur">€</span>
            </div>
            <div class="t3 ">
                <span class="value">12</span>
                <span class="cents">59</span>
                <span class="eur">€</span>
                            </div>
            
    <span class="vline"></span>
</div>                    		
                    <div class="info-tag-top-product">
                <img src="/images/front/sale/icons/nedelas-top-new.png" alt="Nedelas top">
            </div>
        
        
        <div class="tags tags_primary bottom_icons">
                                                            
                                <div data-alt="Nedēļas TOP piedāvājums" class="tag tag-soap-12 " style="background-image: url('/uploads/sale/nedelas-top-piedavajums-1187.png');                     ">
                </div>
                                            
                    </div>
        <div class="tags tags_primary info_icon">
            
    <div data-alt="Prece pieejama 10.02. - 16.02." class="tag i"></div>

        </div>

        <div class="info-notice">
            


                                                                            </div>

        <div class="img">
          <img alt="Tualetes papīrs BLOOM COMFORT WHITE, 1 iepak./40 ruļļi, trīs slāņi" src="/uploads/sale/2026/sales_page/02/09//tualetes-papirs-bloom-comfort-white-00013-0209103040.png?1770625840">
        </div>
        <div class="text       ">
            <div class="title">Tualetes papīrs BLOOM COMFORT WHITE, 1 iepak./40 ruļļi, trīs slāņi</div>
            <div class="pack">
                <span class="ptitle"></span>
                <span class="price"> </span>
            </div>
                    </div>
        <div class="infopop">
            <div class="in"><span></span>
                <div class="arrow_top"></div>
                <div class="arrow_bottom"></div>
            </div>
        </div>
    </div>
</div>                                                    
                            
                            
                            <div class="col-third offer-item">
    <div class="item bl_shadow product-243196 paldies-card  offer-2-l-sp-sku units-price       top-product " data-product-id="243196" data-timeout="5" data-dates-interval="10.02. - 16.02.2026." tabindex="0" role="button">
                                                    <div class="discount price with-unit-price ">
                                                                            <div class="paldies-card-icon with-unit-price">
                        <img src="/images/front/icons/paldies2-icon.png" alt="Paldies">
                    </div>
                                                                
                    <div class="t1 with-unit-price paldies-card">
            <span class="value">2</span>
            <span class="cents">99</span>
            <span class="eur">€</span>
            <span class="unit-price">19,93 €/kg</span>
        </div>
                    <div class="t2">
                <span class="value">5,29</span>
                <span class="eur">€</span>
            </div>
            <div class="t3 with-unit-price">
                <span class="value">5</span>
                <span class="cents">29</span>
                <span class="eur">€</span>
                <span class="unit-price">35,27 €/kg</span>            </div>
            
    <span class="vline"></span>
</div>                    		
                    <div class="info-tag-top-product">
                <img src="/images/front/sale/icons/nedelas-top-new.png" alt="Nedelas top">
            </div>
        
        
        <div class="tags tags_primary bottom_icons">
                                                            
                                <div data-alt="Atlaide ar PALDIES karti" class="tag tag-soap-2 " style="background-image: url('/uploads/sale/atlaide-ar-paldies-karti-7358.png');                     ">
                </div>
                                                                            
                                <div data-alt="Nedēļas TOP piedāvājums" class="tag tag-soap-12 " style="background-image: url('/uploads/sale/nedelas-top-piedavajums-1187.png');                     ">
                </div>
                            
                    </div>
        <div class="tags tags_primary info_icon">
            

        </div>

        <div class="info-notice">
            


                                                                            </div>

        <div class="img">
          <img alt="Konfekšu kārba RAFFAELLO, 150 g" src="/uploads/sale/2026/sales_page/02/09//konfeksu-karba-raffaello-00014-0209103040.png?1770625840">
        </div>
        <div class="text paldies-card      ">
            <div class="title">Konfekšu kārba RAFFAELLO, 150 g</div>
            <div class="pack">
                <span class="ptitle"></span>
                <span class="price"> 35,27 €/kg</span>
            </div>
                    </div>
        <div class="infopop">
            <div class="in"><span></span>
                <div class="arrow_top"></div>
                <div class="arrow_bottom"></div>
            </div>
        </div>
    </div>
</div>                                                    
                            
                            
                            <div class="col-third offer-item">
    <div class="item bl_shadow product-243217 paldies-card  offer-2-l-sp-sku units-price       top-product " data-product-id="243217" data-timeout="5" data-dates-interval="10.02. - 16.02.2026." tabindex="0" role="button">
                                                    <div class="discount price with-unit-price ">
                                                                            <div class="paldies-card-icon with-unit-price">
                        <img src="/images/front/icons/paldies2-icon.png" alt="Paldies">
                    </div>
                                                                                                
                    <div class="t1 with-unit-price paldies-card">
            <span class="value">1</span>
            <span class="cents">59</span>
            <span class="eur">€</span>
            <span class="unit-price">0,80 €/l</span>
        </div>
                    <div class="t2">
                <span class="value">3,19</span>
                <span class="eur">€</span>
            </div>
            <div class="t3 with-unit-price">
                <span class="value">3</span>
                <span class="cents">19</span>
                <span class="eur">€</span>
                <span class="unit-price">1,60 €/l</span>            </div>
            
    <span class="vline"></span>
</div>                    		
                    <div class="info-tag-top-product">
                <img src="/images/front/sale/icons/nedelas-top-new.png" alt="Nedelas top">
            </div>
        
        
        <div class="tags tags_primary bottom_icons">
                                                            
                                <div data-alt="Atlaide ar PALDIES karti" class="tag tag-soap-2 " style="background-image: url('/uploads/sale/atlaide-ar-paldies-karti-7358.png');                     ">
                </div>
                                                                            
                                <div data-alt="+10 centi depozīta maksa" class="tag tag-soap-9 " style="background-image: url('/uploads/sale/10-centi-depozita-maksa-3937.png');                     ">
                </div>
                                                                            
                                <div data-alt="Nedēļas TOP piedāvājums" class="tag tag-soap-12 " style="background-image: url('/uploads/sale/nedelas-top-piedavajums-1187.png');                     ">
                </div>
                            
                    </div>
        <div class="tags tags_primary info_icon">
            

        </div>

        <div class="info-notice">
            


                                                                                                        </div>

        <div class="img">
          <img alt="Gāzēts dzēriens FANTA, COCA-COLA vai SPRITE, 2 l, četri veidi" src="/uploads/sale/2026/sales_page/02/09//gazets-dzeriens-fanta-coca-cola-vai-sprite-00015-0209103046.png?1770625846">
        </div>
        <div class="text paldies-card      ">
            <div class="title">Gāzēts dzēriens FANTA, COCA-COLA vai SPRITE, 2 l, četri veidi</div>
            <div class="pack">
                <span class="ptitle"></span>
                <span class="price"> 1,60 €/l</span>
            </div>
                    </div>
        <div class="infopop">
            <div class="in"><span></span>
                <div class="arrow_top"></div>
                <div class="arrow_bottom"></div>
            </div>
        </div>
    </div>
</div>                                            <div class="col-third offer-item">
    <div class="item bl_shadow product-241120 paldies-card  offer-2-l-sp-sku units-price        " data-product-id="241120" data-timeout="26" data-dates-interval="13.01. - 09.03.2026." tabindex="0" role="button">
                                                    <div class="discount price with-unit-price ">
                                                                            <div class="paldies-card-icon with-unit-price">
                        <img src="/images/front/icons/paldies2-icon.png" alt="Paldies">
                    </div>
                                
                    <div class="t1 with-unit-price paldies-card">
            <span class="value">1</span>
            <span class="cents">49</span>
            <span class="eur">€</span>
            <span class="unit-price">3.73 €/kg</span>
        </div>
                    <div class="t2">
                <span class="value">1,85</span>
                <span class="eur">€</span>
            </div>
            <div class="t3 with-unit-price">
                <span class="value">1</span>
                <span class="cents">85</span>
                <span class="eur">€</span>
                <span class="unit-price">4.63 €/kg</span>            </div>
            
    <span class="vline"></span>
</div>                    		
        
        
        <div class="tags tags_primary bottom_icons">
                                                            
                                <div data-alt="Atlaide ar PALDIES karti" class="tag tag-soap-2 " style="background-image: url('/uploads/sale/atlaide-ar-paldies-karti-7358.png');                     ">
                </div>
                            
                    </div>
        <div class="tags tags_primary info_icon">
            
    <div data-alt="Preču piedāvājums atšķirīgs Maxima veikalos, ar aktuālo akcijas preču piedāvājumu aicinām iepazīties uz vietas veikalā!" class="tag i"></div>

        </div>

        <div class="info-notice">
            


                                                </div>

        <div class="img">
          <img alt="Jog.SKYR ISLANDES bez pied. 400g" src="/uploads/sale/2026/sales_page/01/02//jog-skyr-islandes-bez-pied-400g-00086-0102115020.png?1767347420">
        </div>
        <div class="text paldies-card      ">
            <div class="title">Jog.SKYR ISLANDES bez pied. 400g</div>
            <div class="pack">
                <span class="ptitle"></span>
                <span class="price"> 4.63 €/kg</span>
            </div>
                    </div>
        <div class="infopop">
            <div class="in"><span></span>
                <div class="arrow_top"></div>
                <div class="arrow_bottom"></div>
            </div>
        </div>
    </div>
</div><div class="col-third offer-item">
    <div class="item bl_shadow product-241121 paldies-card  offer-2-l-sp-sku units-price        " data-product-id="241121" data-timeout="26" data-dates-interval="13.01. - 09.03.2026." tabindex="0" role="button">
                                                    <div class="discount price with-unit-price ">
                                                                            <div class="paldies-card-icon with-unit-price">
                        <img src="/images/front/icons/paldies2-icon.png" alt="Paldies">
                    </div>
                                                                
                    <div class="t1 with-unit-price paldies-card">
            <span class="value">0</span>
            <span class="cents">59</span>
            <span class="eur">€</span>
            <span class="unit-price">8.43 €/kg</span>
        </div>
                    <div class="t2">
                <span class="value">0,79</span>
                <span class="eur">€</span>
            </div>
            <div class="t3 with-unit-price">
                <span class="value">0</span>
                <span class="cents">79</span>
                <span class="eur">€</span>
                <span class="unit-price">11.29 €/kg</span>            </div>
            
    <span class="vline"></span>
</div>                    		
        
        
        <div class="tags tags_primary bottom_icons">
                                                            
                                <div data-alt="Atlaide ar PALDIES karti" class="tag tag-soap-2 " style="background-image: url('/uploads/sale/atlaide-ar-paldies-karti-7358.png');                     ">
                </div>
                                                                            
                                <div data-alt="Latvijas produkts" class="tag tag-soap-6 " style="background-image: url('/uploads/sale/latvijas-produkts-3559.png');                     ">
                </div>
                            
                    </div>
        <div class="tags tags_primary info_icon">
            
    <div data-alt="Preču piedāvājums atšķirīgs Maxima veikalos, ar aktuālo akcijas preču piedāvājumu aicinām iepazīties uz vietas veikalā!" class="tag i"></div>

        </div>

        <div class="info-notice">
            


                                                                            </div>

        <div class="img">
          <img alt="Jogurts DANONKI ar zem.garšu 70g" src="/uploads/sale/2026/sales_page/01/02//jogurts-danonki-ar-zem-garsu-70g-00087-0102115020.png?1767347420">
        </div>
        <div class="text paldies-card      ">
            <div class="title">Jogurts DANONKI ar zem.garšu 70g</div>
            <div class="pack">
                <span class="ptitle"></span>
                <span class="price"> 11.29 €/kg</span>
            </div>
                    </div>
        <div class="infopop">
            <div class="in"><span></span>
                <div class="arrow_top"></div>
                <div class="arrow_bottom"></div>
            </div>
        </div>
    </div>
</div><div class="col-third offer-item">
    <div class="item bl_shadow product-241122 paldies-card  offer-2-l-sp-sku units-price        " data-product-id="241122" data-timeout="26" data-dates-interval="13.01. - 09.03.2026." tabindex="0" role="button">
                                                    <div class="discount price with-unit-price ">
                                                                            <div class="paldies-card-icon with-unit-price">
                        <img src="/images/front/icons/paldies2-icon.png" alt="Paldies">
                    </div>
                                                                                                
                    <div class="t1 with-unit-price paldies-card">
            <span class="value">0</span>
            <span class="cents">59</span>
            <span class="eur">€</span>
            <span class="unit-price">8.43 €/kg</span>
        </div>
                    <div class="t2">
                <span class="value">0,79</span>
                <span class="eur">€</span>
            </div>
            <div class="t3 with-unit-price">
                <span class="value">0</span>
                <span class="cents">79</span>
                <span class="eur">€</span>
                <span class="unit-price">11.29 €/kg</span>            </div>
            
    <span class="vline"></span>
</div>                    		
        
        
        <div class="tags tags_primary bottom_icons">
                                                            
                                <div data-alt="Atlaide ar PALDIES karti" class="tag tag-soap-2 " style="background-image: url('/uploads/sale/atlaide-ar-paldies-karti-7358.png');                     ">
                </div>
                                                                            
                                <div data-alt="Prece pieejama MAXIMA XXX veikalos" class="tag tag-soap-4 tag-shops" style="background-image: url('/uploads/sale/piedavajums-speka-maxima-xxx-veikalos-3117.png');                     ">
                </div>
                                                                            
                                <div data-alt="Latvijas produkts" class="tag tag-soap-6 " style="background-image: url('/uploads/sale/latvijas-produkts-3559.png');                     ">
                </div>
                            
                    </div>
        <div class="tags tags_primary info_icon">
            
    <div data-alt="Preču piedāvājums atšķirīgs Maxima veikalos, ar aktuālo akcijas preču piedāvājumu aicinām iepazīties uz vietas veikalā!" class="tag i"></div>

        </div>

        <div class="info-notice">
            


                                                                                                        </div>

        <div class="img">
          <img alt="Jogurts DANONKI ar van.garšu 70g" src="/uploads/sale/2026/sales_page/01/02//jogurts-danonki-ar-van-garsu-70g-00088-0102115020.png?1767347420">
        </div>
        <div class="text paldies-card      ">
            <div class="title">Jogurts DANONKI ar van.garšu 70g</div>
            <div class="pack">
                <span class="ptitle"></span>
                <span class="price"> 11.29 €/kg</span>
            </div>
                    </div>
        <div class="infopop">
            <div class="in"><span></span>
                <div class="arrow_top"></div>
                <div class="arrow_bottom"></div>
            </div>
        </div>
    </div>
</div><div class="col-third offer-item">
    <div class="item bl_shadow product-241123 paldies-card  offer-2-l-sp-sku units-price        " data-product-id="241123" data-timeout="26" data-dates-interval="13.01. - 09.03.2026." tabindex="0" role="button">
                                                    <div class="discount price with-unit-price ">
                                                                            <div class="paldies-card-icon with-unit-price">
                        <img src="/images/front/icons/paldies2-icon.png" alt="Paldies">
                    </div>
                                
                    <div class="t1 with-unit-price paldies-card">
            <span class="value">1</span>
            <span class="cents">69</span>
            <span class="eur">€</span>
            <span class="unit-price">6.15 €/kg</span>
        </div>
                    <div class="t2">
                <span class="value">2,09</span>
                <span class="eur">€</span>
            </div>
            <div class="t3 with-unit-price">
                <span class="value">2</span>
                <span class="cents">09</span>
                <span class="eur">€</span>
                <span class="unit-price">7.60 €/kg</span>            </div>
            
    <span class="vline"></span>
</div>                    		
        
        
        <div class="tags tags_primary bottom_icons">
                                                            
                                <div data-alt="Atlaide ar PALDIES karti" class="tag tag-soap-2 " style="background-image: url('/uploads/sale/atlaide-ar-paldies-karti-7358.png');                     ">
                </div>
                            
                    </div>
        <div class="tags tags_primary info_icon">
            
    <div data-alt="Preču piedāvājums atšķirīgs Maxima veikalos, ar aktuālo akcijas preču piedāvājumu aicinām iepazīties uz vietas veikalā!" class="tag i"></div>

        </div>

        <div class="info-notice">
            


                                                </div>

        <div class="img">
          <img alt="Biezpiens 5% JAUNPILS 275g" src="/uploads/sale/2026/sales_page/01/02//biezpiens-5-jaunpils-275g-00089-0102115020.png?1767347420">
        </div>
        <div class="text paldies-card      ">
            <div class="title">Biezpiens 5% JAUNPILS 275g</div>
            <div class="pack">
                <span class="ptitle"></span>
                <span class="price"> 7.60 €/kg</span>
            </div>
                    </div>
        <div class="infopop">
            <div class="in"><span></span>
                <div class="arrow_top"></div>
                <div class="arrow_bottom"></div>
            </div>
        </div>
    </div>
</div><div class="col-third offer-item">
    <div class="item bl_shadow product-241124 paldies-card  offer-2-l-sp-sku units-price        " data-product-id="241124" data-timeout="26" data-dates-interval="13.01. - 09.03.2026." tabindex="0" role="button">
                                                    <div class="discount price with-unit-price ">
                                                                            <div class="paldies-card-icon with-unit-price">
                        <img src="/images/front/icons/paldies2-icon.png" alt="Paldies">
                    </div>
                                                                
                    <div class="t1 with-unit-price paldies-card">
            <span class="value">2</span>
            <span class="cents">99</span>
            <span class="eur">€</span>
            <span class="unit-price">7.48 €/kg</span>
        </div>
                    <div class="t2">
                <span class="value">3,39</span>
                <span class="eur">€</span>
            </div>
            <div class="t3 with-unit-price">
                <span class="value">3</span>
                <span class="cents">39</span>
                <span class="eur">€</span>
                <span class="unit-price">8.48 €/kg</span>            </div>
            
    <span class="vline"></span>
</div>                    		
        
        
        <div class="tags tags_primary bottom_icons">
                                                            
                                <div data-alt="Atlaide ar PALDIES karti" class="tag tag-soap-2 " style="background-image: url('/uploads/sale/atlaide-ar-paldies-karti-7358.png');                     ">
                </div>
                                                                            
                                <div data-alt="Latvijas produkts" class="tag tag-soap-6 " style="background-image: url('/uploads/sale/latvijas-produkts-3559.png');                     ">
                </div>
                            
                    </div>
        <div class="tags tags_primary info_icon">
            
    <div data-alt="Preču piedāvājums atšķirīgs Maxima veikalos, ar aktuālo akcijas preču piedāvājumu aicinām iepazīties uz vietas veikalā!" class="tag i"></div>

        </div>

        <div class="info-notice">
            


                                                                            </div>

        <div class="img">
          <img alt="Krēmsiers BALTAIS KLASISKAIS 400g" src="/uploads/sale/2026/sales_page/01/02//kremsiers-baltais-klasiskais-400g-00090-0102115020.png?1767347420">
        </div>
        <div class="text paldies-card      ">
            <div class="title">Krēmsiers BALTAIS KLASISKAIS 400g</div>
            <div class="pack">
                <span class="ptitle"></span>
                <span class="price"> 8.48 €/kg</span>
            </div>
                    </div>
        <div class="infopop">
            <div class="in"><span></span>
                <div class="arrow_top"></div>
                <div class="arrow_bottom"></div>
            </div>
        </div>
    </div>
</div><div class="col-third offer-item">
    <div class="item bl_shadow product-241145 paldies-card  offer-2-l-sp-sku units-price        " data-product-id="241145" data-timeout="26" data-dates-interval="13.01. - 09.03.2026." tabindex="0" role="button">
                                                    <div class="discount price with-unit-price ">
                                                                            <div class="paldies-card-icon with-unit-price">
                        <img src="/images/front/icons/paldies2-icon.png" alt="Paldies">
                    </div>
                                                                
                    <div class="t1 with-unit-price paldies-card">
            <span class="value">1</span>
            <span class="cents">39</span>
            <span class="eur">€</span>
            <span class="unit-price">1.39 €/l</span>
        </div>
                    <div class="t2">
                <span class="value">1,67</span>
                <span class="eur">€</span>
            </div>
            <div class="t3 with-unit-price">
                <span class="value">1</span>
                <span class="cents">67</span>
                <span class="eur">€</span>
                <span class="unit-price">1.67 €/l</span>            </div>
            
    <span class="vline"></span>
</div>                    		
        
        
        <div class="tags tags_primary bottom_icons">
                                                            
                                <div data-alt="Atlaide ar PALDIES karti" class="tag tag-soap-2 " style="background-image: url('/uploads/sale/atlaide-ar-paldies-karti-7358.png');                     ">
                </div>
                                                                            
                                <div data-alt="Latvijas produkts" class="tag tag-soap-6 " style="background-image: url('/uploads/sale/latvijas-produkts-3559.png');                     ">
                </div>
                            
                    </div>
        <div class="tags tags_primary info_icon">
            
    <div data-alt="Preču piedāvājums atšķirīgs Maxima veikalos, ar aktuālo akcijas preču piedāvājumu aicinām iepazīties uz vietas veikalā!" class="tag i"></div>

        </div>

        <div class="info-notice">
            


                                                                            </div>

        <div class="img">
          <img alt="Piens ALMA Lauku 3,6-4,2% 1L" src="/uploads/sale/2026/sales_page/01/02//piens-alma-lauku-3-6-4-2-1l-00091-0102115024.png?1767347424">
        </div>
        <div class="text paldies-card      ">
            <div class="title">Piens ALMA Lauku 3,6-4,2% 1L</div>
            <div class="pack">
                <span class="ptitle"></span>
                <span class="price"> 1.67 €/l</span>
            </div>
                    </div>
        <div class="infopop">
            <div class="in"><span></span>
                <div class="arrow_top"></div>
                <div class="arrow_bottom"></div>
            </div>
        </div>
    </div>
</div><div class="col-third offer-item">
    <div class="item bl_shadow product-241146 paldies-card  offer-2-l-sp-sku units-price        " data-product-id="241146" data-timeout="26" data-dates-interval="13.01. - 09.03.2026." tabindex="0" role="button">
                                                    <div class="discount price with-unit-price ">
                                                                            <div class="paldies-card-icon with-unit-price">
                        <img src="/images/front/icons/paldies2-icon.png" alt="Paldies">
                    </div>
                                                                
                    <div class="t1 with-unit-price paldies-card">
            <span class="value">0</span>
            <span class="cents">39</span>
            <span class="eur">€</span>
            <span class="unit-price">8.67 €/kg</span>
        </div>
                    <div class="t2">
                <span class="value">0,52</span>
                <span class="eur">€</span>
            </div>
            <div class="t3 with-unit-price">
                <span class="value">0</span>
                <span class="cents">52</span>
                <span class="eur">€</span>
                <span class="unit-price">11.56 €/kg</span>            </div>
            
    <span class="vline"></span>
</div>                    		
        
        
        <div class="tags tags_primary bottom_icons">
                                                            
                                <div data-alt="Atlaide ar PALDIES karti" class="tag tag-soap-2 " style="background-image: url('/uploads/sale/atlaide-ar-paldies-karti-7358.png');                     ">
                </div>
                                                                            
                                <div data-alt="Latvijas produkts" class="tag tag-soap-6 " style="background-image: url('/uploads/sale/latvijas-produkts-3559.png');                     ">
                </div>
                            
                    </div>
        <div class="tags tags_primary info_icon">
            
    <div data-alt="Preču piedāvājums atšķirīgs Maxima veikalos, ar aktuālo akcijas preču piedāvājumu aicinām iepazīties uz vietas veikalā!" class="tag i"></div>

        </div>

        <div class="info-notice">
            


                                                                            </div>

        <div class="img">
          <img alt="Biezpiena sieriņš KĀRUMS ar mango 45g" src="/uploads/sale/2026/sales_page/01/02//biezpiena-sierins-karums-ar-mango-45g-00092-0102115024.png?1767347424">
        </div>
        <div class="text paldies-card      ">
            <div class="title">Biezpiena sieriņš KĀRUMS ar mango 45g</div>
            <div class="pack">
                <span class="ptitle"></span>
                <span class="price"> 11.56 €/kg</span>
            </div>
                    </div>
        <div class="infopop">
            <div class="in"><span></span>
                <div class="arrow_top"></div>
                <div class="arrow_bottom"></div>
            </div>
        </div>
    </div>
</div><div class="col-third offer-item">
    <div class="item bl_shadow product-241147 paldies-card  offer-2-l-sp-sku units-price        " data-product-id="241147" data-timeout="26" data-dates-interval="13.01. - 09.03.2026." tabindex="0" role="button">
                                                    <div class="discount price with-unit-price ">
                                                                            <div class="paldies-card-icon with-unit-price">
                        <img src="/images/front/icons/paldies2-icon.png" alt="Paldies">
                    </div>
                                
                    <div class="t1 with-unit-price paldies-card">
            <span class="value">1</span>
            <span class="cents">19</span>
            <span class="eur">€</span>
            <span class="unit-price">3.97 €/kg</span>
        </div>
                    <div class="t2">
                <span class="value">1,45</span>
                <span class="eur">€</span>
            </div>
            <div class="t3 with-unit-price">
                <span class="value">1</span>
                <span class="cents">45</span>
                <span class="eur">€</span>
                <span class="unit-price">4.83 €/kg</span>            </div>
            
    <span class="vline"></span>
</div>                    		
        
        
        <div class="tags tags_primary bottom_icons">
                                                            
                                <div data-alt="Atlaide ar PALDIES karti" class="tag tag-soap-2 " style="background-image: url('/uploads/sale/atlaide-ar-paldies-karti-7358.png');                     ">
                </div>
                            
                    </div>
        <div class="tags tags_primary info_icon">
            
    <div data-alt="Preču piedāvājums atšķirīgs Maxima veikalos, ar aktuālo akcijas preču piedāvājumu aicinām iepazīties uz vietas veikalā!" class="tag i"></div>

        </div>

        <div class="info-notice">
            


                                                </div>

        <div class="img">
          <img alt="Jog.TURKU BALTAIS bez piedevām 300g" src="/uploads/sale/2026/sales_page/01/02//jog-turku-baltais-bez-piedevam-300g-00093-0102115024.png?1767347424">
        </div>
        <div class="text paldies-card      ">
            <div class="title">Jog.TURKU BALTAIS bez piedevām 300g</div>
            <div class="pack">
                <span class="ptitle"></span>
                <span class="price"> 4.83 €/kg</span>
            </div>
                    </div>
        <div class="infopop">
            <div class="in"><span></span>
                <div class="arrow_top"></div>
                <div class="arrow_bottom"></div>
            </div>
        </div>
    </div>
</div><div class="col-third offer-item">
    <div class="item bl_shadow product-241148 paldies-card  offer-2-l-sp-sku units-price        " data-product-id="241148" data-timeout="26" data-dates-interval="13.01. - 09.03.2026." tabindex="0" role="button">
                                                    <div class="discount price with-unit-price ">
                                                                            <div class="paldies-card-icon with-unit-price">
                        <img src="/images/front/icons/paldies2-icon.png" alt="Paldies">
                    </div>
                                                                
                    <div class="t1 with-unit-price paldies-card">
            <span class="value">0</span>
            <span class="cents">59</span>
            <span class="eur">€</span>
            <span class="unit-price">8.43 €/kg</span>
        </div>
                    <div class="t2">
                <span class="value">0,79</span>
                <span class="eur">€</span>
            </div>
            <div class="t3 with-unit-price">
                <span class="value">0</span>
                <span class="cents">79</span>
                <span class="eur">€</span>
                <span class="unit-price">11.29 €/kg</span>            </div>
            
    <span class="vline"></span>
</div>                    		
        
        
        <div class="tags tags_primary bottom_icons">
                                                            
                                <div data-alt="Atlaide ar PALDIES karti" class="tag tag-soap-2 " style="background-image: url('/uploads/sale/atlaide-ar-paldies-karti-7358.png');                     ">
                </div>
                                                                            
                                <div data-alt="Latvijas produkts" class="tag tag-soap-6 " style="background-image: url('/uploads/sale/latvijas-produkts-3559.png');                     ">
                </div>
                            
                    </div>
        <div class="tags tags_primary info_icon">
            
    <div data-alt="Preču piedāvājums atšķirīgs Maxima veikalos, ar aktuālo akcijas preču piedāvājumu aicinām iepazīties uz vietas veikalā!" class="tag i"></div>

        </div>

        <div class="info-notice">
            


                                                                            </div>

        <div class="img">
          <img alt="Jogurts DANONKI Pouch ar zem.-ban. 70g" src="/uploads/sale/2026/sales_page/01/02//jogurts-danonki-pouch-ar-zem-ban-70g-00094-0102115024.png?1767347424">
        </div>
        <div class="text paldies-card      ">
            <div class="title">Jogurts DANONKI Pouch ar zem.-ban. 70g</div>
            <div class="pack">
                <span class="ptitle"></span>
                <span class="price"> 11.29 €/kg</span>
            </div>
                    </div>
        <div class="infopop">
            <div class="in"><span></span>
                <div class="arrow_top"></div>
                <div class="arrow_bottom"></div>
            </div>
        </div>
    </div>
</div><div class="col-third offer-item">
    <div class="item bl_shadow product-241149 paldies-card  offer-2-l-sp-sku units-price        " data-product-id="241149" data-timeout="26" data-dates-interval="13.01. - 09.03.2026." tabindex="0" role="button">
                                                    <div class="discount price with-unit-price ">
                                                                            <div class="paldies-card-icon with-unit-price">
                        <img src="/images/front/icons/paldies2-icon.png" alt="Paldies">
                    </div>
                                
                    <div class="t1 with-unit-price paldies-card">
            <span class="value">0</span>
            <span class="cents">39</span>
            <span class="eur">€</span>
            <span class="unit-price">8.67 €/kg</span>
        </div>
                    <div class="t2">
                <span class="value">0,52</span>
                <span class="eur">€</span>
            </div>
            <div class="t3 with-unit-price">
                <span class="value">0</span>
                <span class="cents">52</span>
                <span class="eur">€</span>
                <span class="unit-price">11.56 €/kg</span>            </div>
            
    <span class="vline"></span>
</div>                    		
        
        
        <div class="tags tags_primary bottom_icons">
                                                            
                                <div data-alt="Atlaide ar PALDIES karti" class="tag tag-soap-2 " style="background-image: url('/uploads/sale/atlaide-ar-paldies-karti-7358.png');                     ">
                </div>
                            
                    </div>
        <div class="tags tags_primary info_icon">
            
    <div data-alt="Preču piedāvājums atšķirīgs Maxima veikalos, ar aktuālo akcijas preču piedāvājumu aicinām iepazīties uz vietas veikalā!" class="tag i"></div>

        </div>

        <div class="info-notice">
            


                                                </div>

        <div class="img">
          <img alt="Biezpiena sieriņš KĀRUMS vaniļas 45g" src="/uploads/sale/2026/sales_page/01/02//biezpiena-sierins-karums-vanilas-45g-00095-0102115024.png?1767347424">
        </div>
        <div class="text paldies-card      ">
            <div class="title">Biezpiena sieriņš KĀRUMS vaniļas 45g</div>
            <div class="pack">
                <span class="ptitle"></span>
                <span class="price"> 11.56 €/kg</span>
            </div>
                    </div>
        <div class="infopop">
            <div class="in"><span></span>
                <div class="arrow_top"></div>
                <div class="arrow_bottom"></div>
            </div>
        </div>
    </div>
</div><div class="col-third offer-item">
    <div class="item bl_shadow product-241150 paldies-card  offer-2-l-sp-sku units-price        " data-product-id="241150" data-timeout="26" data-dates-interval="13.01. - 09.03.2026." tabindex="0" role="button">
                                                    <div class="discount price with-unit-price ">
                                                                            <div class="paldies-card-icon with-unit-price">
                        <img src="/images/front/icons/paldies2-icon.png" alt="Paldies">
                    </div>
                                
                    <div class="t1 with-unit-price paldies-card">
            <span class="value">0</span>
            <span class="cents">39</span>
            <span class="eur">€</span>
            <span class="unit-price">8.67 €/kg</span>
        </div>
                    <div class="t2">
                <span class="value">0,52</span>
                <span class="eur">€</span>
            </div>
            <div class="t3 with-unit-price">
                <span class="value">0</span>
                <span class="cents">52</span>
                <span class="eur">€</span>
                <span class="unit-price">11.56 €/kg</span>            </div>
            
    <span class="vline"></span>
</div>                    		
        
        
        <div class="tags tags_primary bottom_icons">
                                                            
                                <div data-alt="Atlaide ar PALDIES karti" class="tag tag-soap-2 " style="background-image: url('/uploads/sale/atlaide-ar-paldies-karti-7358.png');                     ">
                </div>
                            
                    </div>
        <div class="tags tags_primary info_icon">
            
    <div data-alt="Preču piedāvājums atšķirīgs Maxima veikalos, ar aktuālo akcijas preču piedāvājumu aicinām iepazīties uz vietas veikalā!" class="tag i"></div>

        </div>

        <div class="info-notice">
            


                                                </div>

        <div class="img">
          <img alt="Biezpiena sieriņš KĀRUMS kokosr. 45g" src="/uploads/sale/2026/sales_page/01/02//biezpiena-sierins-karums-kokosr-45g-00096-0102115024.png?1767347424">
        </div>
        <div class="text paldies-card      ">
            <div class="title">Biezpiena sieriņš KĀRUMS kokosr. 45g</div>
            <div class="pack">
                <span class="ptitle"></span>
                <span class="price"> 11.56 €/kg</span>
            </div>
                    </div>
        <div class="infopop">
            <div class="in"><span></span>
                <div class="arrow_top"></div>
                <div class="arrow_bottom"></div>
            </div>
        </div>
    </div>
</div><div class="col-third offer-item">
    <div class="item bl_shadow product-241151 paldies-card  offer-2-l-sp-sku units-price        " data-product-id="241151" data-timeout="26" data-dates-interval="13.01. - 09.03.2026." tabindex="0" role="button">
                                                    <div class="discount price with-unit-price ">
                                                                            <div class="paldies-card-icon with-unit-price">
                        <img src="/images/front/icons/paldies2-icon.png" alt="Paldies">
                    </div>
                                
                    <div class="t1 with-unit-price paldies-card">
            <span class="value">0</span>
            <span class="cents">39</span>
            <span class="eur">€</span>
            <span class="unit-price">8.67 €/kg</span>
        </div>
                    <div class="t2">
                <span class="value">0,52</span>
                <span class="eur">€</span>
            </div>
            <div class="t3 with-unit-price">
                <span class="value">0</span>
                <span class="cents">52</span>
                <span class="eur">€</span>
                <span class="unit-price">11.56 €/kg</span>            </div>
            
    <span class="vline"></span>
</div>                    		
        
        
        <div class="tags tags_primary bottom_icons">
                                                            
                                <div data-alt="Atlaide ar PALDIES karti" class="tag tag-soap-2 " style="background-image: url('/uploads/sale/atlaide-ar-paldies-karti-7358.png');                     ">
                </div>
                            
                    </div>
        <div class="tags tags_primary info_icon">
            
    <div data-alt="Preču piedāvājums atšķirīgs Maxima veikalos, ar aktuālo akcijas preču piedāvājumu aicinām iepazīties uz vietas veikalā!" class="tag i"></div>

        </div>

        <div class="info-notice">
            


                                                </div>

        <div class="img">
          <img alt="Biezpiena sieriņš KĀRUMS karameļu 45g" src="/uploads/sale/2026/sales_page/01/02//biezpiena-sierins-karums-karamelu-45g-00097-0102115024.png?1767347424">
        </div>
        <div class="text paldies-card      ">
            <div class="title">Biezpiena sieriņš KĀRUMS karameļu 45g</div>
            <div class="pack">
                <span class="ptitle"></span>
                <span class="price"> 11.56 €/kg</span>
            </div>
                    </div>
        <div class="infopop">
            <div class="in"><span></span>
                <div class="arrow_top"></div>
                <div class="arrow_bottom"></div>
            </div>
        </div>
    </div>
</div><div class="col-third offer-item">
    <div class="item bl_shadow product-241152 paldies-card  offer-2-l-sp-sku units-price        " data-product-id="241152" data-timeout="26" data-dates-interval="13.01. - 09.03.2026." tabindex="0" role="button">
                                                    <div class="discount price with-unit-price ">
                                                                            <div class="paldies-card-icon with-unit-price">
                        <img src="/images/front/icons/paldies2-icon.png" alt="Paldies">
                    </div>
                                
                    <div class="t1 with-unit-price paldies-card">
            <span class="value">0</span>
            <span class="cents">39</span>
            <span class="eur">€</span>
            <span class="unit-price">8.67 €/kg</span>
        </div>
                    <div class="t2">
                <span class="value">0,52</span>
                <span class="eur">€</span>
            </div>
            <div class="t3 with-unit-price">
                <span class="value">0</span>
                <span class="cents">52</span>
                <span class="eur">€</span>
                <span class="unit-price">11.56 €/kg</span>            </div>
            
    <span class="vline"></span>
</div>                    		
        
        
        <div class="tags tags_primary bottom_icons">
                                                            
                                <div data-alt="Atlaide ar PALDIES karti" class="tag tag-soap-2 " style="background-image: url('/uploads/sale/atlaide-ar-paldies-karti-7358.png');                     ">
                </div>
                            
                    </div>
        <div class="tags tags_primary info_icon">
            
    <div data-alt="Preču piedāvājums atšķirīgs Maxima veikalos, ar aktuālo akcijas preču piedāvājumu aicinām iepazīties uz vietas veikalā!" class="tag i"></div>

        </div>

        <div class="info-notice">
            


                                                </div>

        <div class="img">
          <img alt="Biezpiena sieriņš KĀRUMS šokolādes 45g" src="/uploads/sale/2026/sales_page/01/02//biezpiena-sierins-karums-sokolades-45g-00098-0102115024.png?1767347424">
        </div>
        <div class="text paldies-card      ">
            <div class="title">Biezpiena sieriņš KĀRUMS šokolādes 45g</div>
            <div class="pack">
                <span class="ptitle"></span>
                <span class="price"> 11.56 €/kg</span>
            </div>
                    </div>
        <div class="infopop">
            <div class="in"><span></span>
                <div class="arrow_top"></div>
                <div class="arrow_bottom"></div>
            </div>
        </div>
    </div>
</div><div class="col-third offer-item">
    <div class="item bl_shadow product-241153 paldies-card  offer-2-l-sp-sku units-price        " data-product-id="241153" data-timeout="26" data-dates-interval="20.01. - 09.03.2026." tabindex="0" role="button">
                                                    <div class="discount price with-unit-price ">
                                                                            <div class="paldies-card-icon with-unit-price">
                        <img src="/images/front/icons/paldies2-icon.png" alt="Paldies">
                    </div>
                                                                
                    <div class="t1 with-unit-price paldies-card">
            <span class="value">1</span>
            <span class="cents">79</span>
            <span class="eur">€</span>
            <span class="unit-price">8.95 €/kg</span>
        </div>
                    <div class="t2">
                <span class="value">2,29</span>
                <span class="eur">€</span>
            </div>
            <div class="t3 with-unit-price">
                <span class="value">2</span>
                <span class="cents">29</span>
                <span class="eur">€</span>
                <span class="unit-price">11.45 €/kg</span>            </div>
            
    <span class="vline"></span>
</div>                    		
        
        
        <div class="tags tags_primary bottom_icons">
                                                            
                                <div data-alt="Atlaide ar PALDIES karti" class="tag tag-soap-2 " style="background-image: url('/uploads/sale/atlaide-ar-paldies-karti-7358.png');                     ">
                </div>
                                                                            
                                <div data-alt="Latvijas produkts" class="tag tag-soap-6 " style="background-image: url('/uploads/sale/latvijas-produkts-3559.png');                     ">
                </div>
                            
                    </div>
        <div class="tags tags_primary info_icon">
            
    <div data-alt="Preču piedāvājums atšķirīgs Maxima veikalos, ar aktuālo akcijas preču piedāvājumu aicinām iepazīties uz vietas veikalā!" class="tag i"></div>

        </div>

        <div class="info-notice">
            


                                                                            </div>

        <div class="img">
          <img alt="Kausētais siers DZINTARS klasiskais 200g" src="/uploads/sale/2026/sales_page/01/02//kausetais-siers-dzintars-klasiskais-200g-00099-0102115024.png?1767347424">
        </div>
        <div class="text paldies-card      ">
            <div class="title">Kausētais siers DZINTARS klasiskais 200g</div>
            <div class="pack">
                <span class="ptitle"></span>
                <span class="price"> 11.45 €/kg</span>
            </div>
                    </div>
        <div class="infopop">
            <div class="in"><span></span>
                <div class="arrow_top"></div>
                <div class="arrow_bottom"></div>
            </div>
        </div>
    </div>
</div><div class="col-third offer-item">
    <div class="item bl_shadow product-241154 paldies-card  offer-2-l-sp-sku units-price        " data-product-id="241154" data-timeout="26" data-dates-interval="20.01. - 09.03.2026." tabindex="0" role="button">
                                                    <div class="discount price with-unit-price ">
                                                                            <div class="paldies-card-icon with-unit-price">
                        <img src="/images/front/icons/paldies2-icon.png" alt="Paldies">
                    </div>
                                                                
                    <div class="t1 with-unit-price paldies-card">
            <span class="value">1</span>
            <span class="cents">79</span>
            <span class="eur">€</span>
            <span class="unit-price">8.95 €/kg</span>
        </div>
                    <div class="t2">
                <span class="value">2,35</span>
                <span class="eur">€</span>
            </div>
            <div class="t3 with-unit-price">
                <span class="value">2</span>
                <span class="cents">35</span>
                <span class="eur">€</span>
                <span class="unit-price">11.75 €/kg</span>            </div>
            
    <span class="vline"></span>
</div>                    		
        
        
        <div class="tags tags_primary bottom_icons">
                                                            
                                <div data-alt="Atlaide ar PALDIES karti" class="tag tag-soap-2 " style="background-image: url('/uploads/sale/atlaide-ar-paldies-karti-7358.png');                     ">
                </div>
                                                                            
                                <div data-alt="Latvijas produkts" class="tag tag-soap-6 " style="background-image: url('/uploads/sale/latvijas-produkts-3559.png');                     ">
                </div>
                            
                    </div>
        <div class="tags tags_primary info_icon">
            
    <div data-alt="Preču piedāvājums atšķirīgs Maxima veikalos, ar aktuālo akcijas preču piedāvājumu aicinām iepazīties uz vietas veikalā!" class="tag i"></div>

        </div>

        <div class="info-notice">
            


                                                                            </div>

        <div class="img">
          <img alt="Kausētais siers DZINTARS ar šķiņķi 200g" src="/uploads/sale/2026/sales_page/01/02//kausetais-siers-dzintars-ar-skinki-200g-00100-0102115024.png?1767347424">
        </div>
        <div class="text paldies-card      ">
            <div class="title">Kausētais siers DZINTARS ar šķiņķi 200g</div>
            <div class="pack">
                <span class="ptitle"></span>
                <span class="price"> 11.75 €/kg</span>
            </div>
                    </div>
        <div class="infopop">
            <div class="in"><span></span>
                <div class="arrow_top"></div>
                <div class="arrow_bottom"></div>
            </div>
        </div>
    </div>
</div><div class="col-third offer-item">
    <div class="item bl_shadow product-241120 paldies-card  offer-2-l-sp-sku units-price        " data-product-id="241120" data-timeout="26" data-dates-interval="13.01. - 09.03.2026." tabindex="0" role="button">
                                                    <div class="discount price with-unit-price ">
                                                                            <div class="paldies-card-icon with-unit-price">
                        <img src="/images/front/icons/paldies2-icon.png" alt="Paldies">
                    </div>
                                
                    <div class="t1 with-unit-price paldies-card">
            <span class="value">1</span>
            <span class="cents">49</span>
            <span class="eur">€</span>
            <span class="unit-price">3.73 €/kg</span>
        </div>
                    <div class="t2">
                <span class="value">1,85</span>
                <span class="eur">€</span>
            </div>
            <div class="t3 with-unit-price">
                <span class="value">1</span>
                <span class="cents">85</span>
                <span class="eur">€</span>
                <span class="unit-price">4.63 €/kg</span>            </div>
            
    <span class="vline"></span>
</div>                    		
        
        
        <div class="tags tags_primary bottom_icons">
                                                            
                                <div data-alt="Atlaide ar PALDIES karti" class="tag tag-soap-2 " style="background-image: url('/uploads/sale/atlaide-ar-paldies-karti-7358.png');                     ">
                </div>
                            
                    </div>
        <div class="tags tags_primary info_icon">
            
    <div data-alt="Preču piedāvājums atšķirīgs Maxima veikalos, ar aktuālo akcijas preču piedāvājumu aicinām iepazīties uz vietas veikalā!" class="tag i"></div>

        </div>

        <div class="info-notice">
            


                                                </div>

        <div class="img">
          <img alt="Jog.SKYR ISLANDES bez pied. 400g" src="/uploads/sale/2026/sales_page/01/02//jog-skyr-islandes-bez-pied-400g-00086-0102115020.png?1767347420">
        </div>
        <div class="text paldies-card      ">
            <div class="title">Jog.SKYR ISLANDES bez pied. 400g</div>
            <div class="pack">
                <span class="ptitle"></span>
                <span class="price"> 4.63 €/kg</span>
            </div>
                    </div>
        <div class="infopop">
            <div class="in"><span></span>
                <div class="arrow_top"></div>
                <div class="arrow_bottom"></div>
            </div>
        </div>
    </div>
</div><div class="col-third offer-item">
    <div class="item bl_shadow product-241121 paldies-card  offer-2-l-sp-sku units-price        " data-product-id="241121" data-timeout="26" data-dates-interval="13.01. - 09.03.2026." tabindex="0" role="button">
                                                    <div class="discount price with-unit-price ">
                                                                            <div class="paldies-card-icon with-unit-price">
                        <img src="/images/front/icons/paldies2-icon.png" alt="Paldies">
                    </div>
                                                                
                    <div class="t1 with-unit-price paldies-card">
            <span class="value">0</span>
            <span class="cents">59</span>
            <span class="eur">€</span>
            <span class="unit-price">8.43 €/kg</span>
        </div>
                    <div class="t2">
                <span class="value">0,79</span>
                <span class="eur">€</span>
            </div>
            <div class="t3 with-unit-price">
                <span class="value">0</span>
                <span class="cents">79</span>
                <span class="eur">€</span>
                <span class="unit-price">11.29 €/kg</span>            </div>
            
    <span class="vline"></span>
</div>                    		
        
        
        <div class="tags tags_primary bottom_icons">
                                                            
                                <div data-alt="Atlaide ar PALDIES karti" class="tag tag-soap-2 " style="background-image: url('/uploads/sale/atlaide-ar-paldies-karti-7358.png');                     ">
                </div>
                                                                            
                                <div data-alt="Latvijas produkts" class="tag tag-soap-6 " style="background-image: url('/uploads/sale/latvijas-produkts-3559.png');                     ">
                </div>
                            
                    </div>
        <div class="tags tags_primary info_icon">
            
    <div data-alt="Preču piedāvājums atšķirīgs Maxima veikalos, ar aktuālo akcijas preču piedāvājumu aicinām iepazīties uz vietas veikalā!" class="tag i"></div>

        </div>

        <div class="info-notice">
            


                                                                            </div>

        <div class="img">
          <img alt="Jogurts DANONKI ar zem.garšu 70g" src="/uploads/sale/2026/sales_page/01/02//jogurts-danonki-ar-zem-garsu-70g-00087-0102115020.png?1767347420">
        </div>
        <div class="text paldies-card      ">
            <div class="title">Jogurts DANONKI ar zem.garšu 70g</div>
            <div class="pack">
                <span class="ptitle"></span>
                <span class="price"> 11.29 €/kg</span>
            </div>
                    </div>
        <div class="infopop">
            <div class="in"><span></span>
                <div class="arrow_top"></div>
                <div class="arrow_bottom"></div>
            </div>
        </div>
    </div>
</div><div class="col-third offer-item">
    <div class="item bl_shadow product-241122 paldies-card  offer-2-l-sp-sku units-price        " data-product-id="241122" data-timeout="26" data-dates-interval="13.01. - 09.03.2026." tabindex="0" role="button">
                                                    <div class="discount price with-unit-price ">
                                                                            <div class="paldies-card-icon with-unit-price">
                        <img src="/images/front/icons/paldies2-icon.png" alt="Paldies">
                    </div>
                                                                                                
                    <div class="t1 with-unit-price paldies-card">
            <span class="value">0</span>
            <span class="cents">59</span>
            <span class="eur">€</span>
            <span class="unit-price">8.43 €/kg</span>
        </div>
                    <div class="t2">
                <span class="value">0,79</span>
                <span class="eur">€</span>
            </div>
            <div class="t3 with-unit-price">
                <span class="value">0</span>
                <span class="cents">79</span>
                <span class="eur">€</span>
                <span class="unit-price">11.29 €/kg</span>            </div>
            
    <span class="vline"></span>
</div>                    		
        
        
        <div class="tags tags_primary bottom_icons">
                                                            
                                <div data-alt="Atlaide ar PALDIES karti" class="tag tag-soap-2 " style="background-image: url('/uploads/sale/atlaide-ar-paldies-karti-7358.png');                     ">
                </div>
                                                                            
                                <div data-alt="Prece pieejama MAXIMA XXX veikalos" class="tag tag-soap-4 tag-shops" style="background-image: url('/uploads/sale/piedavajums-speka-maxima-xxx-veikalos-3117.png');                     ">
                </div>
                                                                            
                                <div data-alt="Latvijas produkts" class="tag tag-soap-6 " style="background-image: url('/uploads/sale/latvijas-produkts-3559.png');                     ">
                </div>
                            
                    </div>
        <div class="tags tags_primary info_icon">
            
    <div data-alt="Preču piedāvājums atšķirīgs Maxima veikalos, ar aktuālo akcijas preču piedāvājumu aicinām iepazīties uz vietas veikalā!" class="tag i"></div>

        </div>

        <div class="info-notice">
            


                                                                                                        </div>

        <div class="img">
          <img alt="Jogurts DANONKI ar van.garšu 70g" src="/uploads/sale/2026/sales_page/01/02//jogurts-danonki-ar-van-garsu-70g-00088-0102115020.png?1767347420">
        </div>
        <div class="text paldies-card      ">
            <div class="title">Jogurts DANONKI ar van.garšu 70g</div>
            <div class="pack">
                <span class="ptitle"></span>
                <span class="price"> 11.29 €/kg</span>
            </div>
                    </div>
        <div class="infopop">
            <div class="in"><span></span>
                <div class="arrow_top"></div>
                <div class="arrow_bottom"></div>
            </div>
        </div>
    </div>
</div><div class="col-third offer-item">
    <div class="item bl_shadow product-241123 paldies-card  offer-2-l-sp-sku units-price        " data-product-id="241123" data-timeout="26" data-dates-interval="13.01. - 09.03.2026." tabindex="0" role="button">
                                                    <div class="discount price with-unit-price ">
                                                                            <div class="paldies-card-icon with-unit-price">
                        <img src="/images/front/icons/paldies2-icon.png" alt="Paldies">
                    </div>
                                
                    <div class="t1 with-unit-price paldies-card">
            <span class="value">1</span>
            <span class="cents">69</span>
            <span class="eur">€</span>
            <span class="unit-price">6.15 €/kg</span>
        </div>
                    <div class="t2">
                <span class="value">2,09</span>
                <span class="eur">€</span>
            </div>
            <div class="t3 with-unit-price">
                <span class="value">2</span>
                <span class="cents">09</span>
                <span class="eur">€</span>
                <span class="unit-price">7.60 €/kg</span>            </div>
            
    <span class="vline"></span>
</div>                    		
        
        
        <div class="tags tags_primary bottom_icons">
                                                            
                                <div data-alt="Atlaide ar PALDIES karti" class="tag tag-soap-2 " style="background-image: url('/uploads/sale/atlaide-ar-paldies-karti-7358.png');                     ">
                </div>
                            
                    </div>
        <div class="tags tags_primary info_icon">
            
    <div data-alt="Preču piedāvājums atšķirīgs Maxima veikalos, ar aktuālo akcijas preču piedāvājumu aicinām iepazīties uz vietas veikalā!" class="tag i"></div>

        </div>

        <div class="info-notice">
            


                                                </div>

        <div class="img">
          <img alt="Biezpiens 5% JAUNPILS 275g" src="/uploads/sale/2026/sales_page/01/02//biezpiens-5-jaunpils-275g-00089-0102115020.png?1767347420">
        </div>
        <div class="text paldies-card      ">
            <div class="title">Biezpiens 5% JAUNPILS 275g</div>
            <div class="pack">
                <span class="ptitle"></span>
                <span class="price"> 7.60 €/kg</span>
            </div>
                    </div>
        <div class="infopop">
            <div class="in"><span></span>
                <div class="arrow_top"></div>
                <div class="arrow_bottom"></div>
            </div>
        </div>
    </div>
</div><div class="col-third offer-item">
    <div class="item bl_shadow product-241124 paldies-card  offer-2-l-sp-sku units-price        " data-product-id="241124" data-timeout="26" data-dates-interval="13.01. - 09.03.2026." tabindex="0" role="button">
                                                    <div class="discount price with-unit-price ">
                                                                            <div class="paldies-card-icon with-unit-price">
                        <img src="/images/front/icons/paldies2-icon.png" alt="Paldies">
                    </div>
                                                                
                    <div class="t1 with-unit-price paldies-card">
            <span class="value">2</span>
            <span class="cents">99</span>
            <span class="eur">€</span>
            <span class="unit-price">7.48 €/kg</span>
        </div>
                    <div class="t2">
                <span class="value">3,39</span>
                <span class="eur">€</span>
            </div>
            <div class="t3 with-unit-price">
                <span class="value">3</span>
                <span class="cents">39</span>
                <span class="eur">€</span>
                <span class="unit-price">8.48 €/kg</span>            </div>
            
    <span class="vline"></span>
</div>                    		
        
        
        <div class="tags tags_primary bottom_icons">
                                                            
                                <div data-alt="Atlaide ar PALDIES karti" class="tag tag-soap-2 " style="background-image: url('/uploads/sale/atlaide-ar-paldies-karti-7358.png');                     ">
                </div>
                                                                            
                                <div data-alt="Latvijas produkts" class="tag tag-soap-6 " style="background-image: url('/uploads/sale/latvijas-produkts-3559.png');                     ">
                </div>
                            
                    </div>
        <div class="tags tags_primary info_icon">
            
    <div data-alt="Preču piedāvājums atšķirīgs Maxima veikalos, ar aktuālo akcijas preču piedāvājumu aicinām iepazīties uz vietas veikalā!" class="tag i"></div>

        </div>

        <div class="info-notice">
            


                                                                            </div>

        <div class="img">
          <img alt="Krēmsiers BALTAIS KLASISKAIS 400g" src="/uploads/sale/2026/sales_page/01/02//kremsiers-baltais-klasiskais-400g-00090-0102115020.png?1767347420">
        </div>
        <div class="text paldies-card      ">
            <div class="title">Krēmsiers BALTAIS KLASISKAIS 400g</div>
            <div class="pack">
                <span class="ptitle"></span>
                <span class="price"> 8.48 €/kg</span>
            </div>
                    </div>
        <div class="infopop">
            <div class="in"><span></span>
                <div class="arrow_top"></div>
                <div class="arrow_bottom"></div>
            </div>
        </div>
    </div>
</div><div class="col-third offer-item">
    <div class="item bl_shadow product-241145 paldies-card  offer-2-l-sp-sku units-price        " data-product-id="241145" data-timeout="26" data-dates-interval="13.01. - 09.03.2026." tabindex="0" role="button">
                                                    <div class="discount price with-unit-price ">
                                                                            <div class="paldies-card-icon with-unit-price">
                        <img src="/images/front/icons/paldies2-icon.png" alt="Paldies">
                    </div>
                                                                
                    <div class="t1 with-unit-price paldies-card">
            <span class="value">1</span>
            <span class="cents">39</span>
            <span class="eur">€</span>
            <span class="unit-price">1.39 €/l</span>
        </div>
                    <div class="t2">
                <span class="value">1,67</span>
                <span class="eur">€</span>
            </div>
            <div class="t3 with-unit-price">
                <span class="value">1</span>
                <span class="cents">67</span>
                <span class="eur">€</span>
                <span class="unit-price">1.67 €/l</span>            </div>
            
    <span class="vline"></span>
</div>                    		
        
        
        <div class="tags tags_primary bottom_icons">
                                                            
                                <div data-alt="Atlaide ar PALDIES karti" class="tag tag-soap-2 " style="background-image: url('/uploads/sale/atlaide-ar-paldies-karti-7358.png');                     ">
                </div>
                                                                            
                                <div data-alt="Latvijas produkts" class="tag tag-soap-6 " style="background-image: url('/uploads/sale/latvijas-produkts-3559.png');                     ">
                </div>
                            
                    </div>
        <div class="tags tags_primary info_icon">
            
    <div data-alt="Preču piedāvājums atšķirīgs Maxima veikalos, ar aktuālo akcijas preču piedāvājumu aicinām iepazīties uz vietas veikalā!" class="tag i"></div>

        </div>

        <div class="info-notice">
            


                                                                            </div>

        <div class="img">
          <img alt="Piens ALMA Lauku 3,6-4,2% 1L" src="/uploads/sale/2026/sales_page/01/02//piens-alma-lauku-3-6-4-2-1l-00091-0102115024.png?1767347424">
        </div>
        <div class="text paldies-card      ">
            <div class="title">Piens ALMA Lauku 3,6-4,2% 1L</div>
            <div class="pack">
                <span class="ptitle"></span>
                <span class="price"> 1.67 €/l</span>
            </div>
                    </div>
        <div class="infopop">
            <div class="in"><span></span>
                <div class="arrow_top"></div>
                <div class="arrow_bottom"></div>
            </div>
        </div>
    </div>
</div><div class="col-third offer-item">
    <div class="item bl_shadow product-241146 paldies-card  offer-2-l-sp-sku units-price        " data-product-id="241146" data-timeout="26" data-dates-interval="13.01. - 09.03.2026." tabindex="0" role="button">
                                                    <div class="discount price with-unit-price ">
                                                                            <div class="paldies-card-icon with-unit-price">
                        <img src="/images/front/icons/paldies2-icon.png" alt="Paldies">
                    </div>
                                                                
                    <div class="t1 with-unit-price paldies-card">
            <span class="value">0</span>
            <span class="cents">39</span>
            <span class="eur">€</span>
            <span class="unit-price">8.67 €/kg</span>
        </div>
                    <div class="t2">
                <span class="value">0,52</span>
                <span class="eur">€</span>
            </div>
            <div class="t3 with-unit-price">
                <span class="value">0</span>
                <span class="cents">52</span>
                <span class="eur">€</span>
                <span class="unit-price">11.56 €/kg</span>            </div>
            
    <span class="vline"></span>
</div>                    		
        
        
        <div class="tags tags_primary bottom_icons">
                                                            
                                <div data-alt="Atlaide ar PALDIES karti" class="tag tag-soap-2 " style="background-image: url('/uploads/sale/atlaide-ar-paldies-karti-7358.png');                     ">
                </div>
                                                                            
                                <div data-alt="Latvijas produkts" class="tag tag-soap-6 " style="background-image: url('/uploads/sale/latvijas-produkts-3559.png');                     ">
                </div>
                            
                    </div>
        <div class="tags tags_primary info_icon">
            
    <div data-alt="Preču piedāvājums atšķirīgs Maxima veikalos, ar aktuālo akcijas preču piedāvājumu aicinām iepazīties uz vietas veikalā!" class="tag i"></div>

        </div>

        <div class="info-notice">
            


                                                                            </div>

        <div class="img">
          <img alt="Biezpiena sieriņš KĀRUMS ar mango 45g" src="/uploads/sale/2026/sales_page/01/02//biezpiena-sierins-karums-ar-mango-45g-00092-0102115024.png?1767347424">
        </div>
        <div class="text paldies-card      ">
            <div class="title">Biezpiena sieriņš KĀRUMS ar mango 45g</div>
            <div class="pack">
                <span class="ptitle"></span>
                <span class="price"> 11.56 €/kg</span>
            </div>
                    </div>
        <div class="infopop">
            <div class="in"><span></span>
                <div class="arrow_top"></div>
                <div class="arrow_bottom"></div>
            </div>
        </div>
    </div>
</div><div class="col-third offer-item">
    <div class="item bl_shadow product-241147 paldies-card  offer-2-l-sp-sku units-price        " data-product-id="241147" data-timeout="26" data-dates-interval="13.01. - 09.03.2026." tabindex="0" role="button">
                                                    <div class="discount price with-unit-price ">
                                                                            <div class="paldies-card-icon with-unit-price">
                        <img src="/images/front/icons/paldies2-icon.png" alt="Paldies">
                    </div>
                                
                    <div class="t1 with-unit-price paldies-card">
            <span class="value">1</span>
            <span class="cents">19</span>
            <span class="eur">€</span>
            <span class="unit-price">3.97 €/kg</span>
        </div>
                    <div class="t2">
                <span class="value">1,45</span>
                <span class="eur">€</span>
            </div>
            <div class="t3 with-unit-price">
                <span class="value">1</span>
                <span class="cents">45</span>
                <span class="eur">€</span>
                <span class="unit-price">4.83 €/kg</span>            </div>
            
    <span class="vline"></span>
</div>                    		
        
        
        <div class="tags tags_primary bottom_icons">
                                                            
                                <div data-alt="Atlaide ar PALDIES karti" class="tag tag-soap-2 " style="background-image: url('/uploads/sale/atlaide-ar-paldies-karti-7358.png');                     ">
                </div>
                            
                    </div>
        <div class="tags tags_primary info_icon">
            
    <div data-alt="Preču piedāvājums atšķirīgs Maxima veikalos, ar aktuālo akcijas preču piedāvājumu aicinām iepazīties uz vietas veikalā!" class="tag i"></div>

        </div>

        <div class="info-notice">
            


                                                </div>

        <div class="img">
          <img alt="Jog.TURKU BALTAIS bez piedevām 300g" src="/uploads/sale/2026/sales_page/01/02//jog-turku-baltais-bez-piedevam-300g-00093-0102115024.png?1767347424">
        </div>
        <div class="text paldies-card      ">
            <div class="title">Jog.TURKU BALTAIS bez piedevām 300g</div>
            <div class="pack">
                <span class="ptitle"></span>
                <span class="price"> 4.83 €/kg</span>
            </div>
                    </div>
        <div class="infopop">
            <div class="in"><span></span>
                <div class="arrow_top"></div>
                <div class="arrow_bottom"></div>
            </div>
        </div>
    </div>
</div><div class="col-third offer-item">
    <div class="item bl_shadow product-241148 paldies-card  offer-2-l-sp-sku units-price        " data-product-id="241148" data-timeout="26" data-dates-interval="13.01. - 09.03.2026." tabindex="0" role="button">
                                                    <div class="discount price with-unit-price ">
                                                                            <div class="paldies-card-icon with-unit-price">
                        <img src="/images/front/icons/paldies2-icon.png" alt="Paldies">
                    </div>
                                                                
                    <div class="t1 with-unit-price paldies-card">
            <span class="value">0</span>
            <span class="cents">59</span>
            <span class="eur">€</span>
            <span class="unit-price">8.43 €/kg</span>
        </div>
                    <div class="t2">
                <span class="value">0,79</span>
                <span class="eur">€</span>
            </div>
            <div class="t3 with-unit-price">
                <span class="value">0</span>
                <span class="cents">79</span>
                <span class="eur">€</span>
                <span class="unit-price">11.29 €/kg</span>            </div>
            
    <span class="vline"></span>
</div>                    		
        
        
        <div class="tags tags_primary bottom_icons">
                                                            
                                <div data-alt="Atlaide ar PALDIES karti" class="tag tag-soap-2 " style="background-image: url('/uploads/sale/atlaide-ar-paldies-karti-7358.png');                     ">
                </div>
                                                                            
                                <div data-alt="Latvijas produkts" class="tag tag-soap-6 " style="background-image: url('/uploads/sale/latvijas-produkts-3559.png');                     ">
                </div>
                            
                    </div>
        <div class="tags tags_primary info_icon">
            
    <div data-alt="Preču piedāvājums atšķirīgs Maxima veikalos, ar aktuālo akcijas preču piedāvājumu aicinām iepazīties uz vietas veikalā!" class="tag i"></div>

        </div>

        <div class="info-notice">
            


                                                                            </div>

        <div class="img">
          <img alt="Jogurts DANONKI Pouch ar zem.-ban. 70g" src="/uploads/sale/2026/sales_page/01/02//jogurts-danonki-pouch-ar-zem-ban-70g-00094-0102115024.png?1767347424">
        </div>
        <div class="text paldies-card      ">
            <div class="title">Jogurts DANONKI Pouch ar zem.-ban. 70g</div>
            <div class="pack">
                <span class="ptitle"></span>
                <span class="price"> 11.29 €/kg</span>
            </div>
                    </div>
        <div class="infopop">
            <div class="in"><span></span>
                <div class="arrow_top"></div>
                <div class="arrow_bottom"></div>
            </div>
        </div>
    </div>
</div><div class="col-third offer-item">
    <div class="item bl_shadow product-241149 paldies-card  offer-2-l-sp-sku units-price        " data-product-id="241149" data-timeout="26" data-dates-interval="13.01. - 09.03.2026." tabindex="0" role="button">
                                                    <div class="discount price with-unit-price ">
                                                                            <div class="paldies-card-icon with-unit-price">
                        <img src="/images/front/icons/paldies2-icon.png" alt="Paldies">
                    </div>
                                
                    <div class="t1 with-unit-price paldies-card">
            <span class="value">0</span>
            <span class="cents">39</span>
            <span class="eur">€</span>
            <span class="unit-price">8.67 €/kg</span>
        </div>
                    <div class="t2">
                <span class="value">0,52</span>
                <span class="eur">€</span>
            </div>
            <div class="t3 with-unit-price">
                <span class="value">0</span>
                <span class="cents">52</span>
                <span class="eur">€</span>
                <span class="unit-price">11.56 €/kg</span>            </div>
            
    <span class="vline"></span>
</div>                    		
        
        
        <div class="tags tags_primary bottom_icons">
                                                            
                                <div data-alt="Atlaide ar PALDIES karti" class="tag tag-soap-2 " style="background-image: url('/uploads/sale/atlaide-ar-paldies-karti-7358.png');                     ">
                </div>
                            
                    </div>
        <div class="tags tags_primary info_icon">
            
    <div data-alt="Preču piedāvājums atšķirīgs Maxima veikalos, ar aktuālo akcijas preču piedāvājumu aicinām iepazīties uz vietas veikalā!" class="tag i"></div>

        </div>

        <div class="info-notice">
            


                                                </div>

        <div class="img">
          <img alt="Biezpiena sieriņš KĀRUMS vaniļas 45g" src="/uploads/sale/2026/sales_page/01/02//biezpiena-sierins-karums-vanilas-45g-00095-0102115024.png?1767347424">
        </div>
        <div class="text paldies-card      ">
            <div class="title">Biezpiena sieriņš KĀRUMS vaniļas 45g</div>
            <div class="pack">
                <span class="ptitle"></span>
                <span class="price"> 11.56 €/kg</span>
            </div>
                    </div>
        <div class="infopop">
            <div class="in"><span></span>
                <div class="arrow_top"></div>
                <div class="arrow_bottom"></div>
            </div>
        </div>
    </div>
</div><div class="col-third offer-item">
    <div class="item bl_shadow product-241150 paldies-card  offer-2-l-sp-sku units-price        " data-product-id="241150" data-timeout="26" data-dates-interval="13.01. - 09.03.2026." tabindex="0" role="button">
                                                    <div class="discount price with-unit-price ">
                                                                            <div class="paldies-card-icon with-unit-price">
                        <img src="/images/front/icons/paldies2-icon.png" alt="Paldies">
                    </div>
                                
                    <div class="t1 with-unit-price paldies-card">
            <span class="value">0</span>
            <span class="cents">39</span>
            <span class="eur">€</span>
            <span class="unit-price">8.67 €/kg</span>
        </div>
                    <div class="t2">
                <span class="value">0,52</span>
                <span class="eur">€</span>
            </div>
            <div class="t3 with-unit-price">
                <span class="value">0</span>
                <span class="cents">52</span>
                <span class="eur">€</span>
                <span class="unit-price">11.56 €/kg</span>            </div>
            
    <span class="vline"></span>
</div>                    		
        
        
        <div class="tags tags_primary bottom_icons">
                                                            
                                <div data-alt="Atlaide ar PALDIES karti" class="tag tag-soap-2 " style="background-image: url('/uploads/sale/atlaide-ar-paldies-karti-7358.png');                     ">
                </div>
                            
                    </div>
        <div class="tags tags_primary info_icon">
            
    <div data-alt="Preču piedāvājums atšķirīgs Maxima veikalos, ar aktuālo akcijas preču piedāvājumu aicinām iepazīties uz vietas veikalā!" class="tag i"></div>

        </div>

        <div class="info-notice">
            


                                                </div>

        <div class="img">
          <img alt="Biezpiena sieriņš KĀRUMS kokosr. 45g" src="/uploads/sale/2026/sales_page/01/02//biezpiena-sierins-karums-kokosr-45g-00096-0102115024.png?1767347424">
        </div>
        <div class="text paldies-card      ">
            <div class="title">Biezpiena sieriņš KĀRUMS kokosr. 45g</div>
            <div class="pack">
                <span class="ptitle"></span>
                <span class="price"> 11.56 €/kg</span>
            </div>
                    </div>
        <div class="infopop">
            <div class="in"><span></span>
                <div class="arrow_top"></div>
                <div class="arrow_bottom"></div>
            </div>
        </div>
    </div>
</div><div class="col-third offer-item">
    <div class="item bl_shadow product-241151 paldies-card  offer-2-l-sp-sku units-price        " data-product-id="241151" data-timeout="26" data-dates-interval="13.01. - 09.03.2026." tabindex="0" role="button">
                                                    <div class="discount price with-unit-price ">
                                                                            <div class="paldies-card-icon with-unit-price">
                        <img src="/images/front/icons/paldies2-icon.png" alt="Paldies">
                    </div>
                                
                    <div class="t1 with-unit-price paldies-card">
            <span class="value">0</span>
            <span class="cents">39</span>
            <span class="eur">€</span>
            <span class="unit-price">8.67 €/kg</span>
        </div>
                    <div class="t2">
                <span class="value">0,52</span>
                <span class="eur">€</span>
            </div>
            <div class="t3 with-unit-price">
                <span class="value">0</span>
                <span class="cents">52</span>
                <span class="eur">€</span>
                <span class="unit-price">11.56 €/kg</span>            </div>
            
    <span class="vline"></span>
</div>                    		
        
        
        <div class="tags tags_primary bottom_icons">
                                                            
                                <div data-alt="Atlaide ar PALDIES karti" class="tag tag-soap-2 " style="background-image: url('/uploads/sale/atlaide-ar-paldies-karti-7358.png');                     ">
                </div>
                            
                    </div>
        <div class="tags tags_primary info_icon">
            
    <div data-alt="Preču piedāvājums atšķirīgs Maxima veikalos, ar aktuālo akcijas preču piedāvājumu aicinām iepazīties uz vietas veikalā!" class="tag i"></div>

        </div>

        <div class="info-notice">
            


                                                </div>

        <div class="img">
          <img alt="Biezpiena sieriņš KĀRUMS karameļu 45g" src="/uploads/sale/2026/sales_page/01/02//biezpiena-sierins-karums-karamelu-45g-00097-0102115024.png?1767347424">
        </div>
        <div class="text paldies-card      ">
            <div class="title">Biezpiena sieriņš KĀRUMS karameļu 45g</div>
            <div class="pack">
                <span class="ptitle"></span>
                <span class="price"> 11.56 €/kg</span>
            </div>
                    </div>
        <div class="infopop">
            <div class="in"><span></span>
                <div class="arrow_top"></div>
                <div class="arrow_bottom"></div>
            </div>
        </div>
    </div>
</div><div class="col-third offer-item">
    <div class="item bl_shadow product-241152 paldies-card  offer-2-l-sp-sku units-price        " data-product-id="241152" data-timeout="26" data-dates-interval="13.01. - 09.03.2026." tabindex="0" role="button">
                                                    <div class="discount price with-unit-price ">
                                                                            <div class="paldies-card-icon with-unit-price">
                        <img src="/images/front/icons/paldies2-icon.png" alt="Paldies">
                    </div>
                                
                    <div class="t1 with-unit-price paldies-card">
            <span class="value">0</span>
            <span class="cents">39</span>
            <span class="eur">€</span>
            <span class="unit-price">8.67 €/kg</span>
        </div>
                    <div class="t2">
                <span class="value">0,52</span>
                <span class="eur">€</span>
            </div>
            <div class="t3 with-unit-price">
                <span class="value">0</span>
                <span class="cents">52</span>
                <span class="eur">€</span>
                <span class="unit-price">11.56 €/kg</span>            </div>
            
    <span class="vline"></span>
</div>                    		
        
        
        <div class="tags tags_primary bottom_icons">
                                                            
                                <div data-alt="Atlaide ar PALDIES karti" class="tag tag-soap-2 " style="background-image: url('/uploads/sale/atlaide-ar-paldies-karti-7358.png');                     ">
                </div>
                            
                    </div>
        <div class="tags tags_primary info_icon">
            
    <div data-alt="Preču piedāvājums atšķirīgs Maxima veikalos, ar aktuālo akcijas preču piedāvājumu aicinām iepazīties uz vietas veikalā!" class="tag i"></div>

        </div>

        <div class="info-notice">
            


                                                </div>

        <div class="img">
          <img alt="Biezpiena sieriņš KĀRUMS šokolādes 45g" src="/uploads/sale/2026/sales_page/01/02//biezpiena-sierins-karums-sokolades-45g-00098-0102115024.png?1767347424">
        </div>
        <div class="text paldies-card      ">
            <div class="title">Biezpiena sieriņš KĀRUMS šokolādes 45g</div>
            <div class="pack">
                <span class="ptitle"></span>
                <span class="price"> 11.56 €/kg</span>
            </div>
                    </div>
        <div class="infopop">
            <div class="in"><span></span>
                <div class="arrow_top"></div>
                <div class="arrow_bottom"></div>
            </div>
        </div>
    </div>
</div><div class="col-third offer-item">
    <div class="item bl_shadow product-241153 paldies-card  offer-2-l-sp-sku units-price        " data-product-id="241153" data-timeout="26" data-dates-interval="20.01. - 09.03.2026." tabindex="0" role="button">
                                                    <div class="discount price with-unit-price ">
                                                                            <div class="paldies-card-icon with-unit-price">
                        <img src="/images/front/icons/paldies2-icon.png" alt="Paldies">
                    </div>
                                                                
                    <div class="t1 with-unit-price paldies-card">
            <span class="value">1</span>
            <span class="cents">79</span>
            <span class="eur">€</span>
            <span class="unit-price">8.95 €/kg</span>
        </div>
                    <div class="t2">
                <span class="value">2,29</span>
                <span class="eur">€</span>
            </div>
            <div class="t3 with-unit-price">
                <span class="value">2</span>
                <span class="cents">29</span>
                <span class="eur">€</span>
                <span class="unit-price">11.45 €/kg</span>            </div>
            
    <span class="vline"></span>
</div>                    		
        
        
        <div class="tags tags_primary bottom_icons">
                                                            
                                <div data-alt="Atlaide ar PALDIES karti" class="tag tag-soap-2 " style="background-image: url('/uploads/sale/atlaide-ar-paldies-karti-7358.png');                     ">
                </div>
                                                                            
                                <div data-alt="Latvijas produkts" class="tag tag-soap-6 " style="background-image: url('/uploads/sale/latvijas-produkts-3559.png');                     ">
                </div>
                            
                    </div>
        <div class="tags tags_primary info_icon">
            
    <div data-alt="Preču piedāvājums atšķirīgs Maxima veikalos, ar aktuālo akcijas preču piedāvājumu aicinām iepazīties uz vietas veikalā!" class="tag i"></div>

        </div>

        <div class="info-notice">
            


                                                                            </div>

        <div class="img">
          <img alt="Kausētais siers DZINTARS klasiskais 200g" src="/uploads/sale/2026/sales_page/01/02//kausetais-siers-dzintars-klasiskais-200g-00099-0102115024.png?1767347424">
        </div>
        <div class="text paldies-card      ">
            <div class="title">Kausētais siers DZINTARS klasiskais 200g</div>
            <div class="pack">
                <span class="ptitle"></span>
                <span class="price"> 11.45 €/kg</span>
            </div>
                    </div>
        <div class="infopop">
            <div class="in"><span></span>
                <div class="arrow_top"></div>
                <div class="arrow_bottom"></div>
            </div>
        </div>
    </div>
</div><div class="col-third offer-item">
    <div class="item bl_shadow product-241154 paldies-card  offer-2-l-sp-sku units-price        " data-product-id="241154" data-timeout="26" data-dates-interval="20.01. - 09.03.2026." tabindex="0" role="button">
                                                    <div class="discount price with-unit-price ">
                                                                            <div class="paldies-card-icon with-unit-price">
                        <img src="/images/front/icons/paldies2-icon.png" alt="Paldies">
                    </div>
                                                                
                    <div class="t1 with-unit-price paldies-card">
            <span class="value">1</span>
            <span class="cents">79</span>
            <span class="eur">€</span>
            <span class="unit-price">8.95 €/kg</span>
        </div>
                    <div class="t2">
                <span class="value">2,35</span>
                <span class="eur">€</span>
            </div>
            <div class="t3 with-unit-price">
                <span class="value">2</span>
                <span class="cents">35</span>
                <span class="eur">€</span>
                <span class="unit-price">11.75 €/kg</span>            </div>
            
    <span class="vline"></span>
</div>                    		
        
        
        <div class="tags tags_primary bottom_icons">
                                                            
                                <div data-alt="Atlaide ar PALDIES karti" class="tag tag-soap-2 " style="background-image: url('/uploads/sale/atlaide-ar-paldies-karti-7358.png');                     ">
                </div>
                                                                            
                                <div data-alt="Latvijas produkts" class="tag tag-soap-6 " style="background-image: url('/uploads/sale/latvijas-produkts-3559.png');                     ">
                </div>
                            
                    </div>
        <div class="tags tags_primary info_icon">
            
    <div data-alt="Preču piedāvājums atšķirīgs Maxima veikalos, ar aktuālo akcijas preču piedāvājumu aicinām iepazīties uz vietas veikalā!" class="tag i"></div>

        </div>

        <div class="info-notice">
            


                                                                            </div>

        <div class="img">
          <img alt="Kausētais siers DZINTARS ar šķiņķi 200g" src="/uploads/sale/2026/sales_page/01/02//kausetais-siers-dzintars-ar-skinki-200g-00100-0102115024.png?1767347424">
        </div>
        <div class="text paldies-card      ">
            <div class="title">Kausētais siers DZINTARS ar šķiņķi 200g</div>
            <div class="pack">
                <span class="ptitle"></span>
                <span class="price"> 11.75 €/kg</span>
            </div>
                    </div>
        <div class="infopop">
            <div class="in"><span></span>
                <div class="arrow_top"></div>
                <div class="arrow_bottom"></div>
            </div>
        </div>
    </div>
</div><div class="col-third offer-item">
    <div class="item bl_shadow product-241141 paldies-card  offer-2-l-sp-sku units-price        " data-product-id="241141" data-timeout="26" data-dates-interval="13.01. - 09.03.2026." tabindex="0" role="button">
                                                    <div class="discount price with-unit-price ">
                                                                            <div class="paldies-card-icon with-unit-price">
                        <img src="/images/front/icons/paldies2-icon.png" alt="Paldies">
                    </div>
                                
                    <div class="t1 with-unit-price paldies-card">
            <span class="value">0</span>
            <span class="cents">69</span>
            <span class="eur">€</span>
            <span class="unit-price">4.60 €/kg</span>
        </div>
                    <div class="t2">
                <span class="value">0,99</span>
                <span class="eur">€</span>
            </div>
            <div class="t3 with-unit-price">
                <span class="value">0</span>
                <span class="cents">99</span>
                <span class="eur">€</span>
                <span class="unit-price">6.60 €/kg</span>            </div>
            
    <span class="vline"></span>
</div>                    		
        
        
        <div class="tags tags_primary bottom_icons">
                                                            
                                <div data-alt="Atlaide ar PALDIES karti" class="tag tag-soap-2 " style="background-image: url('/uploads/sale/atlaide-ar-paldies-karti-7358.png');                     ">
                </div>
                            
                    </div>
        <div class="tags tags_primary info_icon">
            
    <div data-alt="Preču piedāvājums atšķirīgs Maxima veikalos, ar aktuālo akcijas preču piedāvājumu aicinām iepazīties uz vietas veikalā!" class="tag i"></div>

        </div>

        <div class="info-notice">
            


                                                </div>

        <div class="img">
          <img alt="Krēj.pud.tropu augļu garša BALTAIS 150g" src="/uploads/sale/2026/sales_page/01/02//krej-pud-tropu-auglu-garsa-baltais-150g-00117-0102115023.png?1767347423">
        </div>
        <div class="text paldies-card      ">
            <div class="title">Krēj.pud.tropu augļu garša BALTAIS 150g</div>
            <div class="pack">
                <span class="ptitle"></span>
                <span class="price"> 6.60 €/kg</span>
            </div>
                    </div>
        <div class="infopop">
            <div class="in"><span></span>
                <div class="arrow_top"></div>
                <div class="arrow_bottom"></div>
            </div>
        </div>
    </div>
</div><div class="col-third offer-item">
    <div class="item bl_shadow product-241142 paldies-card  offer-2-l-sp-sku units-price        " data-product-id="241142" data-timeout="26" data-dates-interval="13.01. - 09.03.2026." tabindex="0" role="button">
                                                    <div class="discount price with-unit-price ">
                                                                            <div class="paldies-card-icon with-unit-price">
                        <img src="/images/front/icons/paldies2-icon.png" alt="Paldies">
                    </div>
                                                                
                    <div class="t1 with-unit-price paldies-card">
            <span class="value">0</span>
            <span class="cents">89</span>
            <span class="eur">€</span>
            <span class="unit-price">4.05 €/kg</span>
        </div>
                    <div class="t2">
                <span class="value">1,25</span>
                <span class="eur">€</span>
            </div>
            <div class="t3 with-unit-price">
                <span class="value">1</span>
                <span class="cents">25</span>
                <span class="eur">€</span>
                <span class="unit-price">5.68 €/kg</span>            </div>
            
    <span class="vline"></span>
</div>                    		
        
        
        <div class="tags tags_primary bottom_icons">
                                                            
                                <div data-alt="Atlaide ar PALDIES karti" class="tag tag-soap-2 " style="background-image: url('/uploads/sale/atlaide-ar-paldies-karti-7358.png');                     ">
                </div>
                                                                            
                                <div data-alt="Latvijas produkts" class="tag tag-soap-6 " style="background-image: url('/uploads/sale/latvijas-produkts-3559.png');                     ">
                </div>
                            
                    </div>
        <div class="tags tags_primary info_icon">
            
    <div data-alt="Preču piedāvājums atšķirīgs Maxima veikalos, ar aktuālo akcijas preču piedāvājumu aicinām iepazīties uz vietas veikalā!" class="tag i"></div>

        </div>

        <div class="info-notice">
            


                                                                            </div>

        <div class="img">
          <img alt="Jogurta kokteilis mango VALMIERA 220g" src="/uploads/sale/2026/sales_page/01/02//jogurta-kokteilis-mango-valmiera-220g-00118-0102115023.png?1767347423">
        </div>
        <div class="text paldies-card      ">
            <div class="title">Jogurta kokteilis mango VALMIERA 220g</div>
            <div class="pack">
                <span class="ptitle"></span>
                <span class="price"> 5.68 €/kg</span>
            </div>
                    </div>
        <div class="infopop">
            <div class="in"><span></span>
                <div class="arrow_top"></div>
                <div class="arrow_bottom"></div>
            </div>
        </div>
    </div>
</div><div class="col-third offer-item">
    <div class="item bl_shadow product-241143 paldies-card  offer-2-l-sp-sku units-price        " data-product-id="241143" data-timeout="26" data-dates-interval="13.01. - 09.03.2026." tabindex="0" role="button">
                                                    <div class="discount price with-unit-price ">
                                                                            <div class="paldies-card-icon with-unit-price">
                        <img src="/images/front/icons/paldies2-icon.png" alt="Paldies">
                    </div>
                                                                
                    <div class="t1 with-unit-price paldies-card">
            <span class="value">0</span>
            <span class="cents">89</span>
            <span class="eur">€</span>
            <span class="unit-price">4.05 €/kg</span>
        </div>
                    <div class="t2">
                <span class="value">1,25</span>
                <span class="eur">€</span>
            </div>
            <div class="t3 with-unit-price">
                <span class="value">1</span>
                <span class="cents">25</span>
                <span class="eur">€</span>
                <span class="unit-price">5.68 €/kg</span>            </div>
            
    <span class="vline"></span>
</div>                    		
        
        
        <div class="tags tags_primary bottom_icons">
                                                            
                                <div data-alt="Atlaide ar PALDIES karti" class="tag tag-soap-2 " style="background-image: url('/uploads/sale/atlaide-ar-paldies-karti-7358.png');                     ">
                </div>
                                                                            
                                <div data-alt="Latvijas produkts" class="tag tag-soap-6 " style="background-image: url('/uploads/sale/latvijas-produkts-3559.png');                     ">
                </div>
                            
                    </div>
        <div class="tags tags_primary info_icon">
            
    <div data-alt="Preču piedāvājums atšķirīgs Maxima veikalos, ar aktuālo akcijas preču piedāvājumu aicinām iepazīties uz vietas veikalā!" class="tag i"></div>

        </div>

        <div class="info-notice">
            


                                                                            </div>

        <div class="img">
          <img alt="Jog.kokt.banānu-vaniļas VALMIERA 220g" src="/uploads/sale/2026/sales_page/01/02//jog-kokt-bananu-vanilas-valmiera-220g-00119-0102115023.png?1767347423">
        </div>
        <div class="text paldies-card      ">
            <div class="title">Jog.kokt.banānu-vaniļas VALMIERA 220g</div>
            <div class="pack">
                <span class="ptitle"></span>
                <span class="price"> 5.68 €/kg</span>
            </div>
                    </div>
        <div class="infopop">
            <div class="in"><span></span>
                <div class="arrow_top"></div>
                <div class="arrow_bottom"></div>
            </div>
        </div>
    </div>
</div><div class="col-third offer-item">
    <div class="item bl_shadow product-241144 paldies-card  offer-2-l-sp-sku units-price        " data-product-id="241144" data-timeout="26" data-dates-interval="27.01. - 09.03.2026." tabindex="0" role="button">
                                                    <div class="discount price with-unit-price ">
                                                                            <div class="paldies-card-icon with-unit-price">
                        <img src="/images/front/icons/paldies2-icon.png" alt="Paldies">
                    </div>
                                                                                                                                
                    <div class="t1 with-unit-price paldies-card">
            <span class="value">1</span>
            <span class="cents">29</span>
            <span class="eur">€</span>
            <span class="unit-price">6.45 €/kg</span>
        </div>
                    <div class="t2">
                <span class="value">1,69</span>
                <span class="eur">€</span>
            </div>
            <div class="t3 with-unit-price">
                <span class="value">1</span>
                <span class="cents">69</span>
                <span class="eur">€</span>
                <span class="unit-price">8.45 €/kg</span>            </div>
            
    <span class="vline"></span>
</div>                    		
        
        
        <div class="tags tags_primary bottom_icons">
                                                            
                                <div data-alt="Atlaide ar PALDIES karti" class="tag tag-soap-2 " style="background-image: url('/uploads/sale/atlaide-ar-paldies-karti-7358.png');                     ">
                </div>
                                                                            
                                <div data-alt="Prece pieejama MAXIMA XX veikalos" class="tag tag-soap-3 tag-shops" style="background-image: url('/uploads/sale/piedavajums-speka-maxima-xx-veikalos-6057.png');                     ">
                </div>
                                                                            
                                <div data-alt="Prece pieejama MAXIMA XXX veikalos" class="tag tag-soap-4 tag-shops" style="background-image: url('/uploads/sale/piedavajums-speka-maxima-xxx-veikalos-3117.png');                     ">
                </div>
                                                                            
                                <div data-alt="Latvijas produkts" class="tag tag-soap-6 " style="background-image: url('/uploads/sale/latvijas-produkts-3559.png');                     ">
                </div>
                            
                    </div>
        <div class="tags tags_primary info_icon">
            
    <div data-alt="Preču piedāvājums atšķirīgs Maxima veikalos, ar aktuālo akcijas preču piedāvājumu aicinām iepazīties uz vietas veikalā!" class="tag i"></div>

        </div>

        <div class="info-notice">
            


                                                                                                                                    </div>

        <div class="img">
          <img alt="Proteīna biezp.krēms vaniļ.BALTAIS 200g" src="/uploads/sale/2026/sales_page/01/02//proteina-biezp-krems-vanil-baltais-200g-00120-0102115023.png?1767347423">
        </div>
        <div class="text paldies-card      ">
            <div class="title">Proteīna biezp.krēms vaniļ.BALTAIS 200g</div>
            <div class="pack">
                <span class="ptitle"></span>
                <span class="price"> 8.45 €/kg</span>
            </div>
                    </div>
        <div class="infopop">
            <div class="in"><span></span>
                <div class="arrow_top"></div>
                <div class="arrow_bottom"></div>
            </div>
        </div>
    </div>
</div><div class="col-third offer-item">
    <div class="item bl_shadow product-241170 paldies-card  offer-2-l-sp-sku units-price        " data-product-id="241170" data-timeout="26" data-dates-interval="13.01. - 09.03.2026." tabindex="0" role="button">
                                                    <div class="discount price with-unit-price ">
                                                                            <div class="paldies-card-icon with-unit-price">
                        <img src="/images/front/icons/paldies2-icon.png" alt="Paldies">
                    </div>
                                                                
                    <div class="t1 with-unit-price paldies-card">
            <span class="value">0</span>
            <span class="cents">99</span>
            <span class="eur">€</span>
            <span class="unit-price">4.95 €/kg</span>
        </div>
                    <div class="t2">
                <span class="value">1,29</span>
                <span class="eur">€</span>
            </div>
            <div class="t3 with-unit-price">
                <span class="value">1</span>
                <span class="cents">29</span>
                <span class="eur">€</span>
                <span class="unit-price">6.45 €/kg</span>            </div>
            
    <span class="vline"></span>
</div>                    		
        
        
        <div class="tags tags_primary bottom_icons">
                                                            
                                <div data-alt="Atlaide ar PALDIES karti" class="tag tag-soap-2 " style="background-image: url('/uploads/sale/atlaide-ar-paldies-karti-7358.png');                     ">
                </div>
                                                                            
                                <div data-alt="Latvijas produkts" class="tag tag-soap-6 " style="background-image: url('/uploads/sale/latvijas-produkts-3559.png');                     ">
                </div>
                            
                    </div>
        <div class="tags tags_primary info_icon">
            
    <div data-alt="Preču piedāvājums atšķirīgs Maxima veikalos, ar aktuālo akcijas preču piedāvājumu aicinām iepazīties uz vietas veikalā!" class="tag i"></div>

        </div>

        <div class="info-notice">
            


                                                                            </div>

        <div class="img">
          <img alt="Krēj.jogurts ar ķiršiem granolu WD 200g" src="/uploads/sale/2026/sales_page/01/02//krej-jogurts-ar-kirsiem-granolu-wd-200g-00121-0102115029.png?1767347429">
        </div>
        <div class="text paldies-card      ">
            <div class="title">Krēj.jogurts ar ķiršiem granolu WD 200g</div>
            <div class="pack">
                <span class="ptitle"></span>
                <span class="price"> 6.45 €/kg</span>
            </div>
                    </div>
        <div class="infopop">
            <div class="in"><span></span>
                <div class="arrow_top"></div>
                <div class="arrow_bottom"></div>
            </div>
        </div>
    </div>
</div><div class="col-third offer-item">
    <div class="item bl_shadow product-241171 paldies-card  offer-2-l-sp-sku units-price        " data-product-id="241171" data-timeout="26" data-dates-interval="13.01. - 09.03.2026." tabindex="0" role="button">
                                                    <div class="discount price with-unit-price ">
                                                                            <div class="paldies-card-icon with-unit-price">
                        <img src="/images/front/icons/paldies2-icon.png" alt="Paldies">
                    </div>
                                                                
                    <div class="t1 with-unit-price paldies-card">
            <span class="value">0</span>
            <span class="cents">99</span>
            <span class="eur">€</span>
            <span class="unit-price">4.95 €/kg</span>
        </div>
                    <div class="t2">
                <span class="value">1,29</span>
                <span class="eur">€</span>
            </div>
            <div class="t3 with-unit-price">
                <span class="value">1</span>
                <span class="cents">29</span>
                <span class="eur">€</span>
                <span class="unit-price">6.45 €/kg</span>            </div>
            
    <span class="vline"></span>
</div>                    		
        
        
        <div class="tags tags_primary bottom_icons">
                                                            
                                <div data-alt="Atlaide ar PALDIES karti" class="tag tag-soap-2 " style="background-image: url('/uploads/sale/atlaide-ar-paldies-karti-7358.png');                     ">
                </div>
                                                                            
                                <div data-alt="Latvijas produkts" class="tag tag-soap-6 " style="background-image: url('/uploads/sale/latvijas-produkts-3559.png');                     ">
                </div>
                            
                    </div>
        <div class="tags tags_primary info_icon">
            
    <div data-alt="Preču piedāvājums atšķirīgs Maxima veikalos, ar aktuālo akcijas preču piedāvājumu aicinām iepazīties uz vietas veikalā!" class="tag i"></div>

        </div>

        <div class="info-notice">
            


                                                                            </div>

        <div class="img">
          <img alt="Krēj.jogurts ar mango pasif.gran.WD 200g" src="/uploads/sale/2026/sales_page/01/02//krej-jogurts-ar-mango-pasif-gran-wd-200g-00122-0102115029.png?1767347429">
        </div>
        <div class="text paldies-card      ">
            <div class="title">Krēj.jogurts ar mango pasif.gran.WD 200g</div>
            <div class="pack">
                <span class="ptitle"></span>
                <span class="price"> 6.45 €/kg</span>
            </div>
                    </div>
        <div class="infopop">
            <div class="in"><span></span>
                <div class="arrow_top"></div>
                <div class="arrow_bottom"></div>
            </div>
        </div>
    </div>
</div><div class="col-third offer-item">
    <div class="item bl_shadow product-241172 paldies-card  offer-2-l-sp-sku units-price        " data-product-id="241172" data-timeout="26" data-dates-interval="27.01. - 09.03.2026." tabindex="0" role="button">
                                                    <div class="discount price with-unit-price ">
                                                                            <div class="paldies-card-icon with-unit-price">
                        <img src="/images/front/icons/paldies2-icon.png" alt="Paldies">
                    </div>
                                
                    <div class="t1 with-unit-price paldies-card">
            <span class="value">1</span>
            <span class="cents">29</span>
            <span class="eur">€</span>
            <span class="unit-price">6.45 €/kg</span>
        </div>
                    <div class="t2">
                <span class="value">1,69</span>
                <span class="eur">€</span>
            </div>
            <div class="t3 with-unit-price">
                <span class="value">1</span>
                <span class="cents">69</span>
                <span class="eur">€</span>
                <span class="unit-price">8.45 €/kg</span>            </div>
            
    <span class="vline"></span>
</div>                    		
        
        
        <div class="tags tags_primary bottom_icons">
                                                            
                                <div data-alt="Atlaide ar PALDIES karti" class="tag tag-soap-2 " style="background-image: url('/uploads/sale/atlaide-ar-paldies-karti-7358.png');                     ">
                </div>
                            
                    </div>
        <div class="tags tags_primary info_icon">
            
    <div data-alt="Preču piedāvājums atšķirīgs Maxima veikalos, ar aktuālo akcijas preču piedāvājumu aicinām iepazīties uz vietas veikalā!" class="tag i"></div>

        </div>

        <div class="info-notice">
            


                                                </div>

        <div class="img">
          <img alt="Proteīna biezp.krēms zemeņu BALTAIS 200g" src="/uploads/sale/2026/sales_page/01/02//proteina-biezp-krems-zemenu-baltais-200g-00123-0102115029.png?1767347429">
        </div>
        <div class="text paldies-card      ">
            <div class="title">Proteīna biezp.krēms zemeņu BALTAIS 200g</div>
            <div class="pack">
                <span class="ptitle"></span>
                <span class="price"> 8.45 €/kg</span>
            </div>
                    </div>
        <div class="infopop">
            <div class="in"><span></span>
                <div class="arrow_top"></div>
                <div class="arrow_bottom"></div>
            </div>
        </div>
    </div>
</div><div class="col-third offer-item">
    <div class="item bl_shadow product-241173 paldies-card  offer-2-l-sp-sku units-price        " data-product-id="241173" data-timeout="26" data-dates-interval="13.01. - 09.03.2026." tabindex="0" role="button">
                                                    <div class="discount price with-unit-price ">
                                                                            <div class="paldies-card-icon with-unit-price">
                        <img src="/images/front/icons/paldies2-icon.png" alt="Paldies">
                    </div>
                                                                
                    <div class="t1 with-unit-price paldies-card">
            <span class="value">0</span>
            <span class="cents">39</span>
            <span class="eur">€</span>
            <span class="unit-price">9.75 €/kg</span>
        </div>
                    <div class="t2">
                <span class="value">0,52</span>
                <span class="eur">€</span>
            </div>
            <div class="t3 with-unit-price">
                <span class="value">0</span>
                <span class="cents">52</span>
                <span class="eur">€</span>
                <span class="unit-price">13.00 €/kg</span>            </div>
            
    <span class="vline"></span>
</div>                    		
        
        
        <div class="tags tags_primary bottom_icons">
                                                            
                                <div data-alt="Atlaide ar PALDIES karti" class="tag tag-soap-2 " style="background-image: url('/uploads/sale/atlaide-ar-paldies-karti-7358.png');                     ">
                </div>
                                                                            
                                <div data-alt="Latvijas produkts" class="tag tag-soap-6 " style="background-image: url('/uploads/sale/latvijas-produkts-3559.png');                     ">
                </div>
                            
                    </div>
        <div class="tags tags_primary info_icon">
            
    <div data-alt="Preču piedāvājums atšķirīgs Maxima veikalos, ar aktuālo akcijas preču piedāvājumu aicinām iepazīties uz vietas veikalā!" class="tag i"></div>

        </div>

        <div class="info-notice">
            


                                                                            </div>

        <div class="img">
          <img alt="Biezp.sieriņš bez lakt.KĀRUMS persik.40g" src="/uploads/sale/2026/sales_page/01/02//biezp-sierins-bez-lakt-karums-persik-40g-00124-0102115029.png?1767347429">
        </div>
        <div class="text paldies-card      ">
            <div class="title">Biezp.sieriņš bez lakt.KĀRUMS persik.40g</div>
            <div class="pack">
                <span class="ptitle"></span>
                <span class="price"> 13.00 €/kg</span>
            </div>
                    </div>
        <div class="infopop">
            <div class="in"><span></span>
                <div class="arrow_top"></div>
                <div class="arrow_bottom"></div>
            </div>
        </div>
    </div>
</div><div class="col-third offer-item">
    <div class="item bl_shadow product-241174 paldies-card  offer-2-l-sp-sku units-price        " data-product-id="241174" data-timeout="26" data-dates-interval="13.01. - 09.03.2026." tabindex="0" role="button">
                                                    <div class="discount price with-unit-price ">
                                                                            <div class="paldies-card-icon with-unit-price">
                        <img src="/images/front/icons/paldies2-icon.png" alt="Paldies">
                    </div>
                                                                                                                                
                    <div class="t1 with-unit-price paldies-card">
            <span class="value">0</span>
            <span class="cents">39</span>
            <span class="eur">€</span>
            <span class="unit-price">8.67 €/kg</span>
        </div>
                    <div class="t2">
                <span class="value">0,52</span>
                <span class="eur">€</span>
            </div>
            <div class="t3 with-unit-price">
                <span class="value">0</span>
                <span class="cents">52</span>
                <span class="eur">€</span>
                <span class="unit-price">11.56 €/kg</span>            </div>
            
    <span class="vline"></span>
</div>                    		
        
        
        <div class="tags tags_primary bottom_icons">
                                                            
                                <div data-alt="Atlaide ar PALDIES karti" class="tag tag-soap-2 " style="background-image: url('/uploads/sale/atlaide-ar-paldies-karti-7358.png');                     ">
                </div>
                                                                            
                                <div data-alt="Prece pieejama MAXIMA XX veikalos" class="tag tag-soap-3 tag-shops" style="background-image: url('/uploads/sale/piedavajums-speka-maxima-xx-veikalos-6057.png');                     ">
                </div>
                                                                            
                                <div data-alt="Prece pieejama MAXIMA XXX veikalos" class="tag tag-soap-4 tag-shops" style="background-image: url('/uploads/sale/piedavajums-speka-maxima-xxx-veikalos-3117.png');                     ">
                </div>
                                                                            
                                <div data-alt="Latvijas produkts" class="tag tag-soap-6 " style="background-image: url('/uploads/sale/latvijas-produkts-3559.png');                     ">
                </div>
                            
                    </div>
        <div class="tags tags_primary info_icon">
            
    <div data-alt="Preču piedāvājums atšķirīgs Maxima veikalos, ar aktuālo akcijas preču piedāvājumu aicinām iepazīties uz vietas veikalā!" class="tag i"></div>

        </div>

        <div class="info-notice">
            


                                                                                                                                    </div>

        <div class="img">
          <img alt="Biezp.sieriņš bez lakt.KĀRUMS vaniļ.40g" src="/uploads/sale/2026/sales_page/01/02//biezp-sierins-bez-lakt-karums-vanil-40g-00125-0102115029.png?1767347429">
        </div>
        <div class="text paldies-card      ">
            <div class="title">Biezp.sieriņš bez lakt.KĀRUMS vaniļ.40g</div>
            <div class="pack">
                <span class="ptitle"></span>
                <span class="price"> 11.56 €/kg</span>
            </div>
                    </div>
        <div class="infopop">
            <div class="in"><span></span>
                <div class="arrow_top"></div>
                <div class="arrow_bottom"></div>
            </div>
        </div>
    </div>
</div><div class="col-third offer-item">
    <div class="item bl_shadow product-241175 paldies-card  offer-2-l-sp-sku units-price        " data-product-id="241175" data-timeout="26" data-dates-interval="13.01. - 09.03.2026." tabindex="0" role="button">
                                                    <div class="discount price with-unit-price ">
                                                                            <div class="paldies-card-icon with-unit-price">
                        <img src="/images/front/icons/paldies2-icon.png" alt="Paldies">
                    </div>
                                                                
                    <div class="t1 with-unit-price paldies-card">
            <span class="value">0</span>
            <span class="cents">39</span>
            <span class="eur">€</span>
            <span class="unit-price">9.75 €/kg</span>
        </div>
                    <div class="t2">
                <span class="value">0,52</span>
                <span class="eur">€</span>
            </div>
            <div class="t3 with-unit-price">
                <span class="value">0</span>
                <span class="cents">52</span>
                <span class="eur">€</span>
                <span class="unit-price">13.00 €/kg</span>            </div>
            
    <span class="vline"></span>
</div>                    		
        
        
        <div class="tags tags_primary bottom_icons">
                                                            
                                <div data-alt="Atlaide ar PALDIES karti" class="tag tag-soap-2 " style="background-image: url('/uploads/sale/atlaide-ar-paldies-karti-7358.png');                     ">
                </div>
                                                                            
                                <div data-alt="Latvijas produkts" class="tag tag-soap-6 " style="background-image: url('/uploads/sale/latvijas-produkts-3559.png');                     ">
                </div>
                            
                    </div>
        <div class="tags tags_primary info_icon">
            
    <div data-alt="Preču piedāvājums atšķirīgs Maxima veikalos, ar aktuālo akcijas preču piedāvājumu aicinām iepazīties uz vietas veikalā!" class="tag i"></div>

        </div>

        <div class="info-notice">
            


                                                                            </div>

        <div class="img">
          <img alt="Biezp.sieriņš bez lakt.KĀRUMS aveņu 40g" src="/uploads/sale/2026/sales_page/01/02//biezp-sierins-bez-lakt-karums-avenu-40g-00126-0102115029.png?1767347429">
        </div>
        <div class="text paldies-card      ">
            <div class="title">Biezp.sieriņš bez lakt.KĀRUMS aveņu 40g</div>
            <div class="pack">
                <span class="ptitle"></span>
                <span class="price"> 13.00 €/kg</span>
            </div>
                    </div>
        <div class="infopop">
            <div class="in"><span></span>
                <div class="arrow_top"></div>
                <div class="arrow_bottom"></div>
            </div>
        </div>
    </div>
</div><div class="col-third offer-item">
    <div class="item bl_shadow product-241176 paldies-card  offer-2-l-sp-sku units-price        " data-product-id="241176" data-timeout="26" data-dates-interval="20.01. - 09.03.2026." tabindex="0" role="button">
                                                    <div class="discount price with-unit-price ">
                                                                            <div class="paldies-card-icon with-unit-price">
                        <img src="/images/front/icons/paldies2-icon.png" alt="Paldies">
                    </div>
                                                                                                                                
                    <div class="t1 with-unit-price paldies-card">
            <span class="value">0</span>
            <span class="cents">59</span>
            <span class="eur">€</span>
            <span class="unit-price">2.95 €/l</span>
        </div>
                    <div class="t2">
                <span class="value">0,79</span>
                <span class="eur">€</span>
            </div>
            <div class="t3 with-unit-price">
                <span class="value">0</span>
                <span class="cents">79</span>
                <span class="eur">€</span>
                <span class="unit-price">3.95 €/l</span>            </div>
            
    <span class="vline"></span>
</div>                    		
        
        
        <div class="tags tags_primary bottom_icons">
                                                            
                                <div data-alt="Atlaide ar PALDIES karti" class="tag tag-soap-2 " style="background-image: url('/uploads/sale/atlaide-ar-paldies-karti-7358.png');                     ">
                </div>
                                                                            
                                <div data-alt="Prece pieejama MAXIMA XX veikalos" class="tag tag-soap-3 tag-shops" style="background-image: url('/uploads/sale/piedavajums-speka-maxima-xx-veikalos-6057.png');                     ">
                </div>
                                                                            
                                <div data-alt="Prece pieejama MAXIMA XXX veikalos" class="tag tag-soap-4 tag-shops" style="background-image: url('/uploads/sale/piedavajums-speka-maxima-xxx-veikalos-3117.png');                     ">
                </div>
                                                                            
                                <div data-alt="Latvijas produkts" class="tag tag-soap-6 " style="background-image: url('/uploads/sale/latvijas-produkts-3559.png');                     ">
                </div>
                            
                    </div>
        <div class="tags tags_primary info_icon">
            
    <div data-alt="Preču piedāvājums atšķirīgs Maxima veikalos, ar aktuālo akcijas preču piedāvājumu aicinām iepazīties uz vietas veikalā!" class="tag i"></div>

        </div>

        <div class="info-notice">
            


                                                                                                                                    </div>

        <div class="img">
          <img alt="Piens RASĒNS zemeņu mazāk cukura 200ml" src="/uploads/sale/2026/sales_page/01/02//piens-rasens-zemenu-mazak-cukura-200ml-00127-0102115029.png?1767347429">
        </div>
        <div class="text paldies-card      ">
            <div class="title">Piens RASĒNS zemeņu mazāk cukura 200ml</div>
            <div class="pack">
                <span class="ptitle"></span>
                <span class="price"> 3.95 €/l</span>
            </div>
                    </div>
        <div class="infopop">
            <div class="in"><span></span>
                <div class="arrow_top"></div>
                <div class="arrow_bottom"></div>
            </div>
        </div>
    </div>
</div><div class="col-third offer-item">
    <div class="item bl_shadow product-241177 paldies-card  offer-2-l-sp-sku units-price        " data-product-id="241177" data-timeout="26" data-dates-interval="13.01. - 09.03.2026." tabindex="0" role="button">
                                                    <div class="discount price with-unit-price ">
                                                                            <div class="paldies-card-icon with-unit-price">
                        <img src="/images/front/icons/paldies2-icon.png" alt="Paldies">
                    </div>
                                                                
                    <div class="t1 with-unit-price paldies-card">
            <span class="value">0</span>
            <span class="cents">39</span>
            <span class="eur">€</span>
            <span class="unit-price">9.75 €/kg</span>
        </div>
                    <div class="t2">
                <span class="value">0,52</span>
                <span class="eur">€</span>
            </div>
            <div class="t3 with-unit-price">
                <span class="value">0</span>
                <span class="cents">52</span>
                <span class="eur">€</span>
                <span class="unit-price">13.00 €/kg</span>            </div>
            
    <span class="vline"></span>
</div>                    		
        
        
        <div class="tags tags_primary bottom_icons">
                                                            
                                <div data-alt="Atlaide ar PALDIES karti" class="tag tag-soap-2 " style="background-image: url('/uploads/sale/atlaide-ar-paldies-karti-7358.png');                     ">
                </div>
                                                                            
                                <div data-alt="Latvijas produkts" class="tag tag-soap-6 " style="background-image: url('/uploads/sale/latvijas-produkts-3559.png');                     ">
                </div>
                            
                    </div>
        <div class="tags tags_primary info_icon">
            
    <div data-alt="Preču piedāvājums atšķirīgs Maxima veikalos, ar aktuālo akcijas preču piedāvājumu aicinām iepazīties uz vietas veikalā!" class="tag i"></div>

        </div>

        <div class="info-notice">
            


                                                                            </div>

        <div class="img">
          <img alt="Biezpiena sieriņš KĀRUMS Flow arbūzu 45g" src="/uploads/sale/2026/sales_page/01/02//biezpiena-sierins-karums-flow-arbuzu-45g-00128-0102115029.png?1767347429">
        </div>
        <div class="text paldies-card      ">
            <div class="title">Biezpiena sieriņš KĀRUMS Flow arbūzu 45g</div>
            <div class="pack">
                <span class="ptitle"></span>
                <span class="price"> 13.00 €/kg</span>
            </div>
                    </div>
        <div class="infopop">
            <div class="in"><span></span>
                <div class="arrow_top"></div>
                <div class="arrow_bottom"></div>
            </div>
        </div>
    </div>
</div><div class="col-third offer-item">
    <div class="item bl_shadow product-241178 paldies-card  offer-2-l-sp-sku units-price        " data-product-id="241178" data-timeout="26" data-dates-interval="27.01. - 09.03.2026." tabindex="0" role="button">
                                                    <div class="discount price with-unit-price ">
                                                                            <div class="paldies-card-icon with-unit-price">
                        <img src="/images/front/icons/paldies2-icon.png" alt="Paldies">
                    </div>
                                                                                                
                    <div class="t1 with-unit-price paldies-card">
            <span class="value">0</span>
            <span class="cents">99</span>
            <span class="eur">€</span>
            <span class="unit-price">5.50 €/kg</span>
        </div>
                    <div class="t2">
                <span class="value">1,29</span>
                <span class="eur">€</span>
            </div>
            <div class="t3 with-unit-price">
                <span class="value">1</span>
                <span class="cents">29</span>
                <span class="eur">€</span>
                <span class="unit-price">7.17 €/kg</span>            </div>
            
    <span class="vline"></span>
</div>                    		
        
        
        <div class="tags tags_primary bottom_icons">
                                                            
                                <div data-alt="Atlaide ar PALDIES karti" class="tag tag-soap-2 " style="background-image: url('/uploads/sale/atlaide-ar-paldies-karti-7358.png');                     ">
                </div>
                                                                            
                                <div data-alt="Prece pieejama MAXIMA XX veikalos" class="tag tag-soap-3 tag-shops" style="background-image: url('/uploads/sale/piedavajums-speka-maxima-xx-veikalos-6057.png');                     ">
                </div>
                                                                            
                                <div data-alt="Prece pieejama MAXIMA XXX veikalos" class="tag tag-soap-4 tag-shops" style="background-image: url('/uploads/sale/piedavajums-speka-maxima-xxx-veikalos-3117.png');                     ">
                </div>
                            
                    </div>
        <div class="tags tags_primary info_icon">
            
    <div data-alt="Preču piedāvājums atšķirīgs Maxima veikalos, ar aktuālo akcijas preču piedāvājumu aicinām iepazīties uz vietas veikalā!" class="tag i"></div>

        </div>

        <div class="info-notice">
            


                                                                                                        </div>

        <div class="img">
          <img alt="Saldais biezp.BALTAIS Tutti Frutti 180g" src="/uploads/sale/2026/sales_page/01/02//saldais-biezp-baltais-tutti-frutti-180g-00129-0102115029.png?1767347429">
        </div>
        <div class="text paldies-card      ">
            <div class="title">Saldais biezp.BALTAIS Tutti Frutti 180g</div>
            <div class="pack">
                <span class="ptitle"></span>
                <span class="price"> 7.17 €/kg</span>
            </div>
                    </div>
        <div class="infopop">
            <div class="in"><span></span>
                <div class="arrow_top"></div>
                <div class="arrow_bottom"></div>
            </div>
        </div>
    </div>
</div><div class="col-third offer-item">
    <div class="item bl_shadow product-241179 paldies-card  offer-2-l-sp-sku units-price        " data-product-id="241179" data-timeout="26" data-dates-interval="20.01. - 09.03.2026." tabindex="0" role="button">
                                                    <div class="discount price with-unit-price ">
                                                                            <div class="paldies-card-icon with-unit-price">
                        <img src="/images/front/icons/paldies2-icon.png" alt="Paldies">
                    </div>
                                                                
                    <div class="t1 with-unit-price paldies-card">
            <span class="value">0</span>
            <span class="cents">99</span>
            <span class="eur">€</span>
            <span class="unit-price">41.25 €/kg</span>
        </div>
                    <div class="t2">
                <span class="value">1,25</span>
                <span class="eur">€</span>
            </div>
            <div class="t3 with-unit-price">
                <span class="value">1</span>
                <span class="cents">25</span>
                <span class="eur">€</span>
                <span class="unit-price">52.08 €/kg</span>            </div>
            
    <span class="vline"></span>
</div>                    		
        
        
        <div class="tags tags_primary bottom_icons">
                                                            
                                <div data-alt="Atlaide ar PALDIES karti" class="tag tag-soap-2 " style="background-image: url('/uploads/sale/atlaide-ar-paldies-karti-7358.png');                     ">
                </div>
                                                                            
                                <div data-alt="Latvijas produkts" class="tag tag-soap-6 " style="background-image: url('/uploads/sale/latvijas-produkts-3559.png');                     ">
                </div>
                            
                    </div>
        <div class="tags tags_primary info_icon">
            
    <div data-alt="Preču piedāvājums atšķirīgs Maxima veikalos, ar aktuālo akcijas preču piedāvājumu aicinām iepazīties uz vietas veikalā!" class="tag i"></div>

        </div>

        <div class="info-notice">
            


                                                                            </div>

        <div class="img">
          <img alt="Siera uzkoda WELL DONE PREMIUM Pizza 24g" src="/uploads/sale/2026/sales_page/01/02//siera-uzkoda-well-done-premium-pizza-24g-00130-0102115029.png?1767347429">
        </div>
        <div class="text paldies-card      ">
            <div class="title">Siera uzkoda WELL DONE PREMIUM Pizza 24g</div>
            <div class="pack">
                <span class="ptitle"></span>
                <span class="price"> 52.08 €/kg</span>
            </div>
                    </div>
        <div class="infopop">
            <div class="in"><span></span>
                <div class="arrow_top"></div>
                <div class="arrow_bottom"></div>
            </div>
        </div>
    </div>
</div><div class="col-third offer-item">
    <div class="item bl_shadow product-241155 paldies-card  offer-2-l-sp-sku units-price        " data-product-id="241155" data-timeout="26" data-dates-interval="20.01. - 09.03.2026." tabindex="0" role="button">
                                                    <div class="discount price with-unit-price ">
                                                                            <div class="paldies-card-icon with-unit-price">
                        <img src="/images/front/icons/paldies2-icon.png" alt="Paldies">
                    </div>
                                                                
                    <div class="t1 with-unit-price paldies-card">
            <span class="value">0</span>
            <span class="cents">99</span>
            <span class="eur">€</span>
            <span class="unit-price">41.25 €/kg</span>
        </div>
                    <div class="t2">
                <span class="value">1,25</span>
                <span class="eur">€</span>
            </div>
            <div class="t3 with-unit-price">
                <span class="value">1</span>
                <span class="cents">25</span>
                <span class="eur">€</span>
                <span class="unit-price">52.08 €/kg</span>            </div>
            
    <span class="vline"></span>
</div>                    		
        
        
        <div class="tags tags_primary bottom_icons">
                                                            
                                <div data-alt="Atlaide ar PALDIES karti" class="tag tag-soap-2 " style="background-image: url('/uploads/sale/atlaide-ar-paldies-karti-7358.png');                     ">
                </div>
                                                                            
                                <div data-alt="Latvijas produkts" class="tag tag-soap-6 " style="background-image: url('/uploads/sale/latvijas-produkts-3559.png');                     ">
                </div>
                            
                    </div>
        <div class="tags tags_primary info_icon">
            
    <div data-alt="Preču piedāvājums atšķirīgs Maxima veikalos, ar aktuālo akcijas preču piedāvājumu aicinām iepazīties uz vietas veikalā!" class="tag i"></div>

        </div>

        <div class="info-notice">
            


                                                                            </div>

        <div class="img">
          <img alt="Siera uzkoda WELL DONE PREMIUM Pesto 24g" src="/uploads/sale/2026/sales_page/01/02//siera-uzkoda-well-done-premium-pesto-24g-00131-0102115026.png?1767347426">
        </div>
        <div class="text paldies-card      ">
            <div class="title">Siera uzkoda WELL DONE PREMIUM Pesto 24g</div>
            <div class="pack">
                <span class="ptitle"></span>
                <span class="price"> 52.08 €/kg</span>
            </div>
                    </div>
        <div class="infopop">
            <div class="in"><span></span>
                <div class="arrow_top"></div>
                <div class="arrow_bottom"></div>
            </div>
        </div>
    </div>
</div><div class="col-third offer-item">
    <div class="item bl_shadow product-241141 paldies-card  offer-2-l-sp-sku units-price        " data-product-id="241141" data-timeout="26" data-dates-interval="13.01. - 09.03.2026." tabindex="0" role="button">
                                                    <div class="discount price with-unit-price ">
                                                                            <div class="paldies-card-icon with-unit-price">
                        <img src="/images/front/icons/paldies2-icon.png" alt="Paldies">
                    </div>
                                
                    <div class="t1 with-unit-price paldies-card">
            <span class="value">0</span>
            <span class="cents">69</span>
            <span class="eur">€</span>
            <span class="unit-price">4.60 €/kg</span>
        </div>
                    <div class="t2">
                <span class="value">0,99</span>
                <span class="eur">€</span>
            </div>
            <div class="t3 with-unit-price">
                <span class="value">0</span>
                <span class="cents">99</span>
                <span class="eur">€</span>
                <span class="unit-price">6.60 €/kg</span>            </div>
            
    <span class="vline"></span>
</div>                    		
        
        
        <div class="tags tags_primary bottom_icons">
                                                            
                                <div data-alt="Atlaide ar PALDIES karti" class="tag tag-soap-2 " style="background-image: url('/uploads/sale/atlaide-ar-paldies-karti-7358.png');                     ">
                </div>
                            
                    </div>
        <div class="tags tags_primary info_icon">
            
    <div data-alt="Preču piedāvājums atšķirīgs Maxima veikalos, ar aktuālo akcijas preču piedāvājumu aicinām iepazīties uz vietas veikalā!" class="tag i"></div>

        </div>

        <div class="info-notice">
            


                                                </div>

        <div class="img">
          <img alt="Krēj.pud.tropu augļu garša BALTAIS 150g" src="/uploads/sale/2026/sales_page/01/02//krej-pud-tropu-auglu-garsa-baltais-150g-00117-0102115023.png?1767347423">
        </div>
        <div class="text paldies-card      ">
            <div class="title">Krēj.pud.tropu augļu garša BALTAIS 150g</div>
            <div class="pack">
                <span class="ptitle"></span>
                <span class="price"> 6.60 €/kg</span>
            </div>
                    </div>
        <div class="infopop">
            <div class="in"><span></span>
                <div class="arrow_top"></div>
                <div class="arrow_bottom"></div>
            </div>
        </div>
    </div>
</div><div class="col-third offer-item">
    <div class="item bl_shadow product-241142 paldies-card  offer-2-l-sp-sku units-price        " data-product-id="241142" data-timeout="26" data-dates-interval="13.01. - 09.03.2026." tabindex="0" role="button">
                                                    <div class="discount price with-unit-price ">
                                                                            <div class="paldies-card-icon with-unit-price">
                        <img src="/images/front/icons/paldies2-icon.png" alt="Paldies">
                    </div>
                                                                
                    <div class="t1 with-unit-price paldies-card">
            <span class="value">0</span>
            <span class="cents">89</span>
            <span class="eur">€</span>
            <span class="unit-price">4.05 €/kg</span>
        </div>
                    <div class="t2">
                <span class="value">1,25</span>
                <span class="eur">€</span>
            </div>
            <div class="t3 with-unit-price">
                <span class="value">1</span>
                <span class="cents">25</span>
                <span class="eur">€</span>
                <span class="unit-price">5.68 €/kg</span>            </div>
            
    <span class="vline"></span>
</div>                    		
        
        
        <div class="tags tags_primary bottom_icons">
                                                            
                                <div data-alt="Atlaide ar PALDIES karti" class="tag tag-soap-2 " style="background-image: url('/uploads/sale/atlaide-ar-paldies-karti-7358.png');                     ">
                </div>
                                                                            
                                <div data-alt="Latvijas produkts" class="tag tag-soap-6 " style="background-image: url('/uploads/sale/latvijas-produkts-3559.png');                     ">
                </div>
                            
                    </div>
        <div class="tags tags_primary info_icon">
            
    <div data-alt="Preču piedāvājums atšķirīgs Maxima veikalos, ar aktuālo akcijas preču piedāvājumu aicinām iepazīties uz vietas veikalā!" class="tag i"></div>

        </div>

        <div class="info-notice">
            


                                                                            </div>

        <div class="img">
          <img alt="Jogurta kokteilis mango VALMIERA 220g" src="/uploads/sale/2026/sales_page/01/02//jogurta-kokteilis-mango-valmiera-220g-00118-0102115023.png?1767347423">
        </div>
        <div class="text paldies-card      ">
            <div class="title">Jogurta kokteilis mango VALMIERA 220g</div>
            <div class="pack">
                <span class="ptitle"></span>
                <span class="price"> 5.68 €/kg</span>
            </div>
                    </div>
        <div class="infopop">
            <div class="in"><span></span>
                <div class="arrow_top"></div>
                <div class="arrow_bottom"></div>
            </div>
        </div>
    </div>
</div><div class="col-third offer-item">
    <div class="item bl_shadow product-241143 paldies-card  offer-2-l-sp-sku units-price        " data-product-id="241143" data-timeout="26" data-dates-interval="13.01. - 09.03.2026." tabindex="0" role="button">
                                                    <div class="discount price with-unit-price ">
                                                                            <div class="paldies-card-icon with-unit-price">
                        <img src="/images/front/icons/paldies2-icon.png" alt="Paldies">
                    </div>
                                                                
                    <div class="t1 with-unit-price paldies-card">
            <span class="value">0</span>
            <span class="cents">89</span>
            <span class="eur">€</span>
            <span class="unit-price">4.05 €/kg</span>
        </div>
                    <div class="t2">
                <span class="value">1,25</span>
                <span class="eur">€</span>
            </div>
            <div class="t3 with-unit-price">
                <span class="value">1</span>
                <span class="cents">25</span>
                <span class="eur">€</span>
                <span class="unit-price">5.68 €/kg</span>            </div>
            
    <span class="vline"></span>
</div>                    		
        
        
        <div class="tags tags_primary bottom_icons">
                                                            
                                <div data-alt="Atlaide ar PALDIES karti" class="tag tag-soap-2 " style="background-image: url('/uploads/sale/atlaide-ar-paldies-karti-7358.png');                     ">
                </div>
                                                                            
                                <div data-alt="Latvijas produkts" class="tag tag-soap-6 " style="background-image: url('/uploads/sale/latvijas-produkts-3559.png');                     ">
                </div>
                            
                    </div>
        <div class="tags tags_primary info_icon">
            
    <div data-alt="Preču piedāvājums atšķirīgs Maxima veikalos, ar aktuālo akcijas preču piedāvājumu aicinām iepazīties uz vietas veikalā!" class="tag i"></div>

        </div>

        <div class="info-notice">
            


                                                                            </div>

        <div class="img">
          <img alt="Jog.kokt.banānu-vaniļas VALMIERA 220g" src="/uploads/sale/2026/sales_page/01/02//jog-kokt-bananu-vanilas-valmiera-220g-00119-0102115023.png?1767347423">
        </div>
        <div class="text paldies-card      ">
            <div class="title">Jog.kokt.banānu-vaniļas VALMIERA 220g</div>
            <div class="pack">
                <span class="ptitle"></span>
                <span class="price"> 5.68 €/kg</span>
            </div>
                    </div>
        <div class="infopop">
            <div class="in"><span></span>
                <div class="arrow_top"></div>
                <div class="arrow_bottom"></div>
            </div>
        </div>
    </div>
</div><div class="col-third offer-item">
    <div class="item bl_shadow product-241144 paldies-card  offer-2-l-sp-sku units-price        " data-product-id="241144" data-timeout="26" data-dates-interval="27.01. - 09.03.2026." tabindex="0" role="button">
                                                    <div class="discount price with-unit-price ">
                                                                            <div class="paldies-card-icon with-unit-price">
                        <img src="/images/front/icons/paldies2-icon.png" alt="Paldies">
                    </div>
                                                                                                                                
                    <div class="t1 with-unit-price paldies-card">
            <span class="value">1</span>
            <span class="cents">29</span>
            <span class="eur">€</span>
            <span class="unit-price">6.45 €/kg</span>
        </div>
                    <div class="t2">
                <span class="value">1,69</span>
                <span class="eur">€</span>
            </div>
            <div class="t3 with-unit-price">
                <span class="value">1</span>
                <span class="cents">69</span>
                <span class="eur">€</span>
                <span class="unit-price">8.45 €/kg</span>            </div>
            
    <span class="vline"></span>
</div>                    		
        
        
        <div class="tags tags_primary bottom_icons">
                                                            
                                <div data-alt="Atlaide ar PALDIES karti" class="tag tag-soap-2 " style="background-image: url('/uploads/sale/atlaide-ar-paldies-karti-7358.png');                     ">
                </div>
                                                                            
                                <div data-alt="Prece pieejama MAXIMA XX veikalos" class="tag tag-soap-3 tag-shops" style="background-image: url('/uploads/sale/piedavajums-speka-maxima-xx-veikalos-6057.png');                     ">
                </div>
                                                                            
                                <div data-alt="Prece pieejama MAXIMA XXX veikalos" class="tag tag-soap-4 tag-shops" style="background-image: url('/uploads/sale/piedavajums-speka-maxima-xxx-veikalos-3117.png');                     ">
                </div>
                                                                            
                                <div data-alt="Latvijas produkts" class="tag tag-soap-6 " style="background-image: url('/uploads/sale/latvijas-produkts-3559.png');                     ">
                </div>
                            
                    </div>
        <div class="tags tags_primary info_icon">
            
    <div data-alt="Preču piedāvājums atšķirīgs Maxima veikalos, ar aktuālo akcijas preču piedāvājumu aicinām iepazīties uz vietas veikalā!" class="tag i"></div>

        </div>

        <div class="info-notice">
            


                                                                                                                                    </div>

        <div class="img">
          <img alt="Proteīna biezp.krēms vaniļ.BALTAIS 200g" src="/uploads/sale/2026/sales_page/01/02//proteina-biezp-krems-vanil-baltais-200g-00120-0102115023.png?1767347423">
        </div>
        <div class="text paldies-card      ">
            <div class="title">Proteīna biezp.krēms vaniļ.BALTAIS 200g</div>
            <div class="pack">
                <span class="ptitle"></span>
                <span class="price"> 8.45 €/kg</span>
            </div>
                    </div>
        <div class="infopop">
            <div class="in"><span></span>
                <div class="arrow_top"></div>
                <div class="arrow_bottom"></div>
            </div>
        </div>
    </div>
</div><div class="col-third offer-item">
    <div class="item bl_shadow product-241170 paldies-card  offer-2-l-sp-sku units-price        " data-product-id="241170" data-timeout="26" data-dates-interval="13.01. - 09.03.2026." tabindex="0" role="button">
                                                    <div class="discount price with-unit-price ">
                                                                            <div class="paldies-card-icon with-unit-price">
                        <img src="/images/front/icons/paldies2-icon.png" alt="Paldies">
                    </div>
                                                                
                    <div class="t1 with-unit-price paldies-card">
            <span class="value">0</span>
            <span class="cents">99</span>
            <span class="eur">€</span>
            <span class="unit-price">4.95 €/kg</span>
        </div>
                    <div class="t2">
                <span class="value">1,29</span>
                <span class="eur">€</span>
            </div>
            <div class="t3 with-unit-price">
                <span class="value">1</span>
                <span class="cents">29</span>
                <span class="eur">€</span>
                <span class="unit-price">6.45 €/kg</span>            </div>
            
    <span class="vline"></span>
</div>                    		
        
        
        <div class="tags tags_primary bottom_icons">
                                                            
                                <div data-alt="Atlaide ar PALDIES karti" class="tag tag-soap-2 " style="background-image: url('/uploads/sale/atlaide-ar-paldies-karti-7358.png');                     ">
                </div>
                                                                            
                                <div data-alt="Latvijas produkts" class="tag tag-soap-6 " style="background-image: url('/uploads/sale/latvijas-produkts-3559.png');                     ">
                </div>
                            
                    </div>
        <div class="tags tags_primary info_icon">
            
    <div data-alt="Preču piedāvājums atšķirīgs Maxima veikalos, ar aktuālo akcijas preču piedāvājumu aicinām iepazīties uz vietas veikalā!" class="tag i"></div>

        </div>

        <div class="info-notice">
            


                                                                            </div>

        <div class="img">
          <img alt="Krēj.jogurts ar ķiršiem granolu WD 200g" src="/uploads/sale/2026/sales_page/01/02//krej-jogurts-ar-kirsiem-granolu-wd-200g-00121-0102115029.png?1767347429">
        </div>
        <div class="text paldies-card      ">
            <div class="title">Krēj.jogurts ar ķiršiem granolu WD 200g</div>
            <div class="pack">
                <span class="ptitle"></span>
                <span class="price"> 6.45 €/kg</span>
            </div>
                    </div>
        <div class="infopop">
            <div class="in"><span></span>
                <div class="arrow_top"></div>
                <div class="arrow_bottom"></div>
            </div>
        </div>
    </div>
</div><div class="col-third offer-item">
    <div class="item bl_shadow product-241171 paldies-card  offer-2-l-sp-sku units-price        " data-product-id="241171" data-timeout="26" data-dates-interval="13.01. - 09.03.2026." tabindex="0" role="button">
                                                    <div class="discount price with-unit-price ">
                                                                            <div class="paldies-card-icon with-unit-price">
                        <img src="/images/front/icons/paldies2-icon.png" alt="Paldies">
                    </div>
                                                                
                    <div class="t1 with-unit-price paldies-card">
            <span class="value">0</span>
            <span class="cents">99</span>
            <span class="eur">€</span>
            <span class="unit-price">4.95 €/kg</span>
        </div>
                    <div class="t2">
                <span class="value">1,29</span>
                <span class="eur">€</span>
            </div>
            <div class="t3 with-unit-price">
                <span class="value">1</span>
                <span class="cents">29</span>
                <span class="eur">€</span>
                <span class="unit-price">6.45 €/kg</span>            </div>
            
    <span class="vline"></span>
</div>                    		
        
        
        <div class="tags tags_primary bottom_icons">
                                                            
                                <div data-alt="Atlaide ar PALDIES karti" class="tag tag-soap-2 " style="background-image: url('/uploads/sale/atlaide-ar-paldies-karti-7358.png');                     ">
                </div>
                                                                            
                                <div data-alt="Latvijas produkts" class="tag tag-soap-6 " style="background-image: url('/uploads/sale/latvijas-produkts-3559.png');                     ">
                </div>
                            
                    </div>
        <div class="tags tags_primary info_icon">
            
    <div data-alt="Preču piedāvājums atšķirīgs Maxima veikalos, ar aktuālo akcijas preču piedāvājumu aicinām iepazīties uz vietas veikalā!" class="tag i"></div>

        </div>

        <div class="info-notice">
            


                                                                            </div>

        <div class="img">
          <img alt="Krēj.jogurts ar mango pasif.gran.WD 200g" src="/uploads/sale/2026/sales_page/01/02//krej-jogurts-ar-mango-pasif-gran-wd-200g-00122-0102115029.png?1767347429">
        </div>
        <div class="text paldies-card      ">
            <div class="title">Krēj.jogurts ar mango pasif.gran.WD 200g</div>
            <div class="pack">
                <span class="ptitle"></span>
                <span class="price"> 6.45 €/kg</span>
            </div>
                    </div>
        <div class="infopop">
            <div class="in"><span></span>
                <div class="arrow_top"></div>
                <div class="arrow_bottom"></div>
            </div>
        </div>
    </div>
</div><div class="col-third offer-item">
    <div class="item bl_shadow product-241172 paldies-card  offer-2-l-sp-sku units-price        " data-product-id="241172" data-timeout="26" data-dates-interval="27.01. - 09.03.2026." tabindex="0" role="button">
                                                    <div class="discount price with-unit-price ">
                                                                            <div class="paldies-card-icon with-unit-price">
                        <img src="/images/front/icons/paldies2-icon.png" alt="Paldies">
                    </div>
                                
                    <div class="t1 with-unit-price paldies-card">
            <span class="value">1</span>
            <span class="cents">29</span>
            <span class="eur">€</span>
            <span class="unit-price">6.45 €/kg</span>
        </div>
                    <div class="t2">
                <span class="value">1,69</span>
                <span class="eur">€</span>
            </div>
            <div class="t3 with-unit-price">
                <span class="value">1</span>
                <span class="cents">69</span>
                <span class="eur">€</span>
                <span class="unit-price">8.45 €/kg</span>            </div>
            
    <span class="vline"></span>
</div>                    		
        
        
        <div class="tags tags_primary bottom_icons">
                                                            
                                <div data-alt="Atlaide ar PALDIES karti" class="tag tag-soap-2 " style="background-image: url('/uploads/sale/atlaide-ar-paldies-karti-7358.png');                     ">
                </div>
                            
                    </div>
        <div class="tags tags_primary info_icon">
            
    <div data-alt="Preču piedāvājums atšķirīgs Maxima veikalos, ar aktuālo akcijas preču piedāvājumu aicinām iepazīties uz vietas veikalā!" class="tag i"></div>

        </div>

        <div class="info-notice">
            


                                                </div>

        <div class="img">
          <img alt="Proteīna biezp.krēms zemeņu BALTAIS 200g" src="/uploads/sale/2026/sales_page/01/02//proteina-biezp-krems-zemenu-baltais-200g-00123-0102115029.png?1767347429">
        </div>
        <div class="text paldies-card      ">
            <div class="title">Proteīna biezp.krēms zemeņu BALTAIS 200g</div>
            <div class="pack">
                <span class="ptitle"></span>
                <span class="price"> 8.45 €/kg</span>
            </div>
                    </div>
        <div class="infopop">
            <div class="in"><span></span>
                <div class="arrow_top"></div>
                <div class="arrow_bottom"></div>
            </div>
        </div>
    </div>
</div><div class="col-third offer-item">
    <div class="item bl_shadow product-241173 paldies-card  offer-2-l-sp-sku units-price        " data-product-id="241173" data-timeout="26" data-dates-interval="13.01. - 09.03.2026." tabindex="0" role="button">
                                                    <div class="discount price with-unit-price ">
                                                                            <div class="paldies-card-icon with-unit-price">
                        <img src="/images/front/icons/paldies2-icon.png" alt="Paldies">
                    </div>
                                                                
                    <div class="t1 with-unit-price paldies-card">
            <span class="value">0</span>
            <span class="cents">39</span>
            <span class="eur">€</span>
            <span class="unit-price">9.75 €/kg</span>
        </div>
                    <div class="t2">
                <span class="value">0,52</span>
                <span class="eur">€</span>
            </div>
            <div class="t3 with-unit-price">
                <span class="value">0</span>
                <span class="cents">52</span>
                <span class="eur">€</span>
                <span class="unit-price">13.00 €/kg</span>            </div>
            
    <span class="vline"></span>
</div>                    		
        
        
        <div class="tags tags_primary bottom_icons">
                                                            
                                <div data-alt="Atlaide ar PALDIES karti" class="tag tag-soap-2 " style="background-image: url('/uploads/sale/atlaide-ar-paldies-karti-7358.png');                     ">
                </div>
                                                                            
                                <div data-alt="Latvijas produkts" class="tag tag-soap-6 " style="background-image: url('/uploads/sale/latvijas-produkts-3559.png');                     ">
                </div>
                            
                    </div>
        <div class="tags tags_primary info_icon">
            
    <div data-alt="Preču piedāvājums atšķirīgs Maxima veikalos, ar aktuālo akcijas preču piedāvājumu aicinām iepazīties uz vietas veikalā!" class="tag i"></div>

        </div>

        <div class="info-notice">
            


                                                                            </div>

        <div class="img">
          <img alt="Biezp.sieriņš bez lakt.KĀRUMS persik.40g" src="/uploads/sale/2026/sales_page/01/02//biezp-sierins-bez-lakt-karums-persik-40g-00124-0102115029.png?1767347429">
        </div>
        <div class="text paldies-card      ">
            <div class="title">Biezp.sieriņš bez lakt.KĀRUMS persik.40g</div>
            <div class="pack">
                <span class="ptitle"></span>
                <span class="price"> 13.00 €/kg</span>
            </div>
                    </div>
        <div class="infopop">
            <div class="in"><span></span>
                <div class="arrow_top"></div>
                <div class="arrow_bottom"></div>
            </div>
        </div>
    </div>
</div><div class="col-third offer-item">
    <div class="item bl_shadow product-241174 paldies-card  offer-2-l-sp-sku units-price        " data-product-id="241174" data-timeout="26" data-dates-interval="13.01. - 09.03.2026." tabindex="0" role="button">
                                                    <div class="discount price with-unit-price ">
                                                                            <div class="paldies-card-icon with-unit-price">
                        <img src="/images/front/icons/paldies2-icon.png" alt="Paldies">
                    </div>
                                                                                                                                
                    <div class="t1 with-unit-price paldies-card">
            <span class="value">0</span>
            <span class="cents">39</span>
            <span class="eur">€</span>
            <span class="unit-price">8.67 €/kg</span>
        </div>
                    <div class="t2">
                <span class="value">0,52</span>
                <span class="eur">€</span>
            </div>
            <div class="t3 with-unit-price">
                <span class="value">0</span>
                <span class="cents">52</span>
                <span class="eur">€</span>
                <span class="unit-price">11.56 €/kg</span>            </div>
            
    <span class="vline"></span>
</div>                    		
        
        
        <div class="tags tags_primary bottom_icons">
                                                            
                                <div data-alt="Atlaide ar PALDIES karti" class="tag tag-soap-2 " style="background-image: url('/uploads/sale/atlaide-ar-paldies-karti-7358.png');                     ">
                </div>
                                                                            
                                <div data-alt="Prece pieejama MAXIMA XX veikalos" class="tag tag-soap-3 tag-shops" style="background-image: url('/uploads/sale/piedavajums-speka-maxima-xx-veikalos-6057.png');                     ">
                </div>
                                                                            
                                <div data-alt="Prece pieejama MAXIMA XXX veikalos" class="tag tag-soap-4 tag-shops" style="background-image: url('/uploads/sale/piedavajums-speka-maxima-xxx-veikalos-3117.png');                     ">
                </div>
                                                                            
                                <div data-alt="Latvijas produkts" class="tag tag-soap-6 " style="background-image: url('/uploads/sale/latvijas-produkts-3559.png');                     ">
                </div>
                            
                    </div>
        <div class="tags tags_primary info_icon">
            
    <div data-alt="Preču piedāvājums atšķirīgs Maxima veikalos, ar aktuālo akcijas preču piedāvājumu aicinām iepazīties uz vietas veikalā!" class="tag i"></div>

        </div>

        <div class="info-notice">
            


                                                                                                                                    </div>

        <div class="img">
          <img alt="Biezp.sieriņš bez lakt.KĀRUMS vaniļ.40g" src="/uploads/sale/2026/sales_page/01/02//biezp-sierins-bez-lakt-karums-vanil-40g-00125-0102115029.png?1767347429">
        </div>
        <div class="text paldies-card      ">
            <div class="title">Biezp.sieriņš bez lakt.KĀRUMS vaniļ.40g</div>
            <div class="pack">
                <span class="ptitle"></span>
                <span class="price"> 11.56 €/kg</span>
            </div>
                    </div>
        <div class="infopop">
            <div class="in"><span></span>
                <div class="arrow_top"></div>
                <div class="arrow_bottom"></div>
            </div>
        </div>
    </div>
</div><div class="col-third offer-item">
    <div class="item bl_shadow product-241175 paldies-card  offer-2-l-sp-sku units-price        " data-product-id="241175" data-timeout="26" data-dates-interval="13.01. - 09.03.2026." tabindex="0" role="button">
                                                    <div class="discount price with-unit-price ">
                                                                            <div class="paldies-card-icon with-unit-price">
                        <img src="/images/front/icons/paldies2-icon.png" alt="Paldies">
                    </div>
                                                                
                    <div class="t1 with-unit-price paldies-card">
            <span class="value">0</span>
            <span class="cents">39</span>
            <span class="eur">€</span>
            <span class="unit-price">9.75 €/kg</span>
        </div>
                    <div class="t2">
                <span class="value">0,52</span>
                <span class="eur">€</span>
            </div>
            <div class="t3 with-unit-price">
                <span class="value">0</span>
                <span class="cents">52</span>
                <span class="eur">€</span>
                <span class="unit-price">13.00 €/kg</span>            </div>
            
    <span class="vline"></span>
</div>                    		
        
        
        <div class="tags tags_primary bottom_icons">
                                                            
                                <div data-alt="Atlaide ar PALDIES karti" class="tag tag-soap-2 " style="background-image: url('/uploads/sale/atlaide-ar-paldies-karti-7358.png');                     ">
                </div>
                                                                            
                                <div data-alt="Latvijas produkts" class="tag tag-soap-6 " style="background-image: url('/uploads/sale/latvijas-produkts-3559.png');                     ">
                </div>
                            
                    </div>
        <div class="tags tags_primary info_icon">
            
    <div data-alt="Preču piedāvājums atšķirīgs Maxima veikalos, ar aktuālo akcijas preču piedāvājumu aicinām iepazīties uz vietas veikalā!" class="tag i"></div>

        </div>

        <div class="info-notice">
            


                                                                            </div>

        <div class="img">
          <img alt="Biezp.sieriņš bez lakt.KĀRUMS aveņu 40g" src="/uploads/sale/2026/sales_page/01/02//biezp-sierins-bez-lakt-karums-avenu-40g-00126-0102115029.png?1767347429">
        </div>
        <div class="text paldies-card      ">
            <div class="title">Biezp.sieriņš bez lakt.KĀRUMS aveņu 40g</div>
            <div class="pack">
                <span class="ptitle"></span>
                <span class="price"> 13.00 €/kg</span>
            </div>
                    </div>
        <div class="infopop">
            <div class="in"><span></span>
                <div class="arrow_top"></div>
                <div class="arrow_bottom"></div>
            </div>
        </div>
    </div>
</div><div class="col-third offer-item">
    <div class="item bl_shadow product-241176 paldies-card  offer-2-l-sp-sku units-price        " data-product-id="241176" data-timeout="26" data-dates-interval="20.01. - 09.03.2026." tabindex="0" role="button">
                                                    <div class="discount price with-unit-price ">
                                                                            <div class="paldies-card-icon with-unit-price">
                        <img src="/images/front/icons/paldies2-icon.png" alt="Paldies">
                    </div>
                                                                                                                                
                    <div class="t1 with-unit-price paldies-card">
            <span class="value">0</span>
            <span class="cents">59</span>
            <span class="eur">€</span>
            <span class="unit-price">2.95 €/l</span>
        </div>
                    <div class="t2">
                <span class="value">0,79</span>
                <span class="eur">€</span>
            </div>
            <div class="t3 with-unit-price">
                <span class="value">0</span>
                <span class="cents">79</span>
                <span class="eur">€</span>
                <span class="unit-price">3.95 €/l</span>            </div>
            
    <span class="vline"></span>
</div>                    		
        
        
        <div class="tags tags_primary bottom_icons">
                                                            
                                <div data-alt="Atlaide ar PALDIES karti" class="tag tag-soap-2 " style="background-image: url('/uploads/sale/atlaide-ar-paldies-karti-7358.png');                     ">
                </div>
                                                                            
                                <div data-alt="Prece pieejama MAXIMA XX veikalos" class="tag tag-soap-3 tag-shops" style="background-image: url('/uploads/sale/piedavajums-speka-maxima-xx-veikalos-6057.png');                     ">
                </div>
                                                                            
                                <div data-alt="Prece pieejama MAXIMA XXX veikalos" class="tag tag-soap-4 tag-shops" style="background-image: url('/uploads/sale/piedavajums-speka-maxima-xxx-veikalos-3117.png');                     ">
                </div>
                                                                            
                                <div data-alt="Latvijas produkts" class="tag tag-soap-6 " style="background-image: url('/uploads/sale/latvijas-produkts-3559.png');                     ">
                </div>
                            
                    </div>
        <div class="tags tags_primary info_icon">
            
    <div data-alt="Preču piedāvājums atšķirīgs Maxima veikalos, ar aktuālo akcijas preču piedāvājumu aicinām iepazīties uz vietas veikalā!" class="tag i"></div>

        </div>

        <div class="info-notice">
            


                                                                                                                                    </div>

        <div class="img">
          <img alt="Piens RASĒNS zemeņu mazāk cukura 200ml" src="/uploads/sale/2026/sales_page/01/02//piens-rasens-zemenu-mazak-cukura-200ml-00127-0102115029.png?1767347429">
        </div>
        <div class="text paldies-card      ">
            <div class="title">Piens RASĒNS zemeņu mazāk cukura 200ml</div>
            <div class="pack">
                <span class="ptitle"></span>
                <span class="price"> 3.95 €/l</span>
            </div>
                    </div>
        <div class="infopop">
            <div class="in"><span></span>
                <div class="arrow_top"></div>
                <div class="arrow_bottom"></div>
            </div>
        </div>
    </div>
</div><div class="col-third offer-item">
    <div class="item bl_shadow product-241177 paldies-card  offer-2-l-sp-sku units-price        " data-product-id="241177" data-timeout="26" data-dates-interval="13.01. - 09.03.2026." tabindex="0" role="button">
                                                    <div class="discount price with-unit-price ">
                                                                            <div class="paldies-card-icon with-unit-price">
                        <img src="/images/front/icons/paldies2-icon.png" alt="Paldies">
                    </div>
                                                                
                    <div class="t1 with-unit-price paldies-card">
            <span class="value">0</span>
            <span class="cents">39</span>
            <span class="eur">€</span>
            <span class="unit-price">9.75 €/kg</span>
        </div>
                    <div class="t2">
                <span class="value">0,52</span>
                <span class="eur">€</span>
            </div>
            <div class="t3 with-unit-price">
                <span class="value">0</span>
                <span class="cents">52</span>
                <span class="eur">€</span>
                <span class="unit-price">13.00 €/kg</span>            </div>
            
    <span class="vline"></span>
</div>                    		
        
        
        <div class="tags tags_primary bottom_icons">
                                                            
                                <div data-alt="Atlaide ar PALDIES karti" class="tag tag-soap-2 " style="background-image: url('/uploads/sale/atlaide-ar-paldies-karti-7358.png');                     ">
                </div>
                                                                            
                                <div data-alt="Latvijas produkts" class="tag tag-soap-6 " style="background-image: url('/uploads/sale/latvijas-produkts-3559.png');                     ">
                </div>
                            
                    </div>
        <div class="tags tags_primary info_icon">
            
    <div data-alt="Preču piedāvājums atšķirīgs Maxima veikalos, ar aktuālo akcijas preču piedāvājumu aicinām iepazīties uz vietas veikalā!" class="tag i"></div>

        </div>

        <div class="info-notice">
            


                                                                            </div>

        <div class="img">
          <img alt="Biezpiena sieriņš KĀRUMS Flow arbūzu 45g" src="/uploads/sale/2026/sales_page/01/02//biezpiena-sierins-karums-flow-arbuzu-45g-00128-0102115029.png?1767347429">
        </div>
        <div class="text paldies-card      ">
            <div class="title">Biezpiena sieriņš KĀRUMS Flow arbūzu 45g</div>
            <div class="pack">
                <span class="ptitle"></span>
                <span class="price"> 13.00 €/kg</span>
            </div>
                    </div>
        <div class="infopop">
            <div class="in"><span></span>
                <div class="arrow_top"></div>
                <div class="arrow_bottom"></div>
            </div>
        </div>
    </div>
</div><div class="col-third offer-item">
    <div class="item bl_shadow product-241178 paldies-card  offer-2-l-sp-sku units-price        " data-product-id="241178" data-timeout="26" data-dates-interval="27.01. - 09.03.2026." tabindex="0" role="button">
                                                    <div class="discount price with-unit-price ">
                                                                            <div class="paldies-card-icon with-unit-price">
                        <img src="/images/front/icons/paldies2-icon.png" alt="Paldies">
                    </div>
                                                                                                
                    <div class="t1 with-unit-price paldies-card">
            <span class="value">0</span>
            <span class="cents">99</span>
            <span class="eur">€</span>
            <span class="unit-price">5.50 €/kg</span>
        </div>
                    <div class="t2">
                <span class="value">1,29</span>
                <span class="eur">€</span>
            </div>
            <div class="t3 with-unit-price">
                <span class="value">1</span>
                <span class="cents">29</span>
                <span class="eur">€</span>
                <span class="unit-price">7.17 €/kg</span>            </div>
            
    <span class="vline"></span>
</div>                    		
        
        
        <div class="tags tags_primary bottom_icons">
                                                            
                                <div data-alt="Atlaide ar PALDIES karti" class="tag tag-soap-2 " style="background-image: url('/uploads/sale/atlaide-ar-paldies-karti-7358.png');                     ">
                </div>
                                                                            
                                <div data-alt="Prece pieejama MAXIMA XX veikalos" class="tag tag-soap-3 tag-shops" style="background-image: url('/uploads/sale/piedavajums-speka-maxima-xx-veikalos-6057.png');                     ">
                </div>
                                                                            
                                <div data-alt="Prece pieejama MAXIMA XXX veikalos" class="tag tag-soap-4 tag-shops" style="background-image: url('/uploads/sale/piedavajums-speka-maxima-xxx-veikalos-3117.png');                     ">
                </div>
                            
                    </div>
        <div class="tags tags_primary info_icon">
            
    <div data-alt="Preču piedāvājums atšķirīgs Maxima veikalos, ar aktuālo akcijas preču piedāvājumu aicinām iepazīties uz vietas veikalā!" class="tag i"></div>

        </div>

        <div class="info-notice">
            


                                                                                                        </div>

        <div class="img">
          <img alt="Saldais biezp.BALTAIS Tutti Frutti 180g" src="/uploads/sale/2026/sales_page/01/02//saldais-biezp-baltais-tutti-frutti-180g-00129-0102115029.png?1767347429">
        </div>
        <div class="text paldies-card      ">
            <div class="title">Saldais biezp.BALTAIS Tutti Frutti 180g</div>
            <div class="pack">
                <span class="ptitle"></span>
                <span class="price"> 7.17 €/kg</span>
            </div>
                    </div>
        <div class="infopop">
            <div class="in"><span></span>
                <div class="arrow_top"></div>
                <div class="arrow_bottom"></div>
            </div>
        </div>
    </div>
</div><div class="col-third offer-item">
    <div class="item bl_shadow product-241179 paldies-card  offer-2-l-sp-sku units-price        " data-product-id="241179" data-timeout="26" data-dates-interval="20.01. - 09.03.2026." tabindex="0" role="button">
                                                    <div class="discount price with-unit-price ">
                                                                            <div class="paldies-card-icon with-unit-price">
                        <img src="/images/front/icons/paldies2-icon.png" alt="Paldies">
                    </div>
                                                                
                    <div class="t1 with-unit-price paldies-card">
            <span class="value">0</span>
            <span class="cents">99</span>
            <span class="eur">€</span>
            <span class="unit-price">41.25 €/kg</span>
        </div>
                    <div class="t2">
                <span class="value">1,25</span>
                <span class="eur">€</span>
            </div>
            <div class="t3 with-unit-price">
                <span class="value">1</span>
                <span class="cents">25</span>
                <span class="eur">€</span>
                <span class="unit-price">52.08 €/kg</span>            </div>
            
    <span class="vline"></span>
</div>                    		
        
        
        <div class="tags tags_primary bottom_icons">
                                                            
                                <div data-alt="Atlaide ar PALDIES karti" class="tag tag-soap-2 " style="background-image: url('/uploads/sale/atlaide-ar-paldies-karti-7358.png');                     ">
                </div>
                                                                            
                                <div data-alt="Latvijas produkts" class="tag tag-soap-6 " style="background-image: url('/uploads/sale/latvijas-produkts-3559.png');                     ">
                </div>
                            
                    </div>
        <div class="tags tags_primary info_icon">
            
    <div data-alt="Preču piedāvājums atšķirīgs Maxima veikalos, ar aktuālo akcijas preču piedāvājumu aicinām iepazīties uz vietas veikalā!" class="tag i"></div>

        </div>

        <div class="info-notice">
            


                                                                            </div>

        <div class="img">
          <img alt="Siera uzkoda WELL DONE PREMIUM Pizza 24g" src="/uploads/sale/2026/sales_page/01/02//siera-uzkoda-well-done-premium-pizza-24g-00130-0102115029.png?1767347429">
        </div>
        <div class="text paldies-card      ">
            <div class="title">Siera uzkoda WELL DONE PREMIUM Pizza 24g</div>
            <div class="pack">
                <span class="ptitle"></span>
                <span class="price"> 52.08 €/kg</span>
            </div>
                    </div>
        <div class="infopop">
            <div class="in"><span></span>
                <div class="arrow_top"></div>
                <div class="arrow_bottom"></div>
            </div>
        </div>
    </div>
</div><div class="col-third offer-item">
    <div class="item bl_shadow product-241155 paldies-card  offer-2-l-sp-sku units-price        " data-product-id="241155" data-timeout="26" data-dates-interval="20.01. - 09.03.2026." tabindex="0" role="button">
                                                    <div class="discount price with-unit-price ">
                                                                            <div class="paldies-card-icon with-unit-price">
                        <img src="/images/front/icons/paldies2-icon.png" alt="Paldies">
                    </div>
                                                                
                    <div class="t1 with-unit-price paldies-card">
            <span class="value">0</span>
            <span class="cents">99</span>
            <span class="eur">€</span>
            <span class="unit-price">41.25 €/kg</span>
        </div>
                    <div class="t2">
                <span class="value">1,25</span>
                <span class="eur">€</span>
            </div>
            <div class="t3 with-unit-price">
                <span class="value">1</span>
                <span class="cents">25</span>
                <span class="eur">€</span>
                <span class="unit-price">52.08 €/kg</span>            </div>
            
    <span class="vline"></span>
</div>                    		
        
        
        <div class="tags tags_primary bottom_icons">
                                                            
                                <div data-alt="Atlaide ar PALDIES karti" class="tag tag-soap-2 " style="background-image: url('/uploads/sale/atlaide-ar-paldies-karti-7358.png');                     ">
                </div>
                                                                            
                                <div data-alt="Latvijas produkts" class="tag tag-soap-6 " style="background-image: url('/uploads/sale/latvijas-produkts-3559.png');                     ">
                </div>
                            
                    </div>
        <div class="tags tags_primary info_icon">
            
    <div data-alt="Preču piedāvājums atšķirīgs Maxima veikalos, ar aktuālo akcijas preču piedāvājumu aicinām iepazīties uz vietas veikalā!" class="tag i"></div>

        </div>

        <div class="info-notice">
            


                                                                            </div>

        <div class="img">
          <img alt="Siera uzkoda WELL DONE PREMIUM Pesto 24g" src="/uploads/sale/2026/sales_page/01/02//siera-uzkoda-well-done-premium-pesto-24g-00131-0102115026.png?1767347426">
        </div>
        <div class="text paldies-card      ">
            <div class="title">Siera uzkoda WELL DONE PREMIUM Pesto 24g</div>
            <div class="pack">
                <span class="ptitle"></span>
                <span class="price"> 52.08 €/kg</span>
            </div>
                    </div>
        <div class="infopop">
            <div class="in"><span></span>
                <div class="arrow_top"></div>
                <div class="arrow_bottom"></div>
            </div>
        </div>
    </div>
</div><div class="col-third offer-item">
    <div class="item bl_shadow product-241107 paldies-card  offer-2-l-sp-sku units-price        " data-product-id="241107" data-timeout="26" data-dates-interval="13.01. - 09.03.2026." tabindex="0" role="button">
                                                    <div class="discount price with-unit-price ">
                                                                            <div class="paldies-card-icon with-unit-price">
                        <img src="/images/front/icons/paldies2-icon.png" alt="Paldies">
                    </div>
                                                                
                    <div class="t1 with-unit-price paldies-card">
            <span class="value">1</span>
            <span class="cents">59</span>
            <span class="eur">€</span>
            <span class="unit-price">5.78 €/kg</span>
        </div>
                    <div class="t2">
                <span class="value">1,99</span>
                <span class="eur">€</span>
            </div>
            <div class="t3 with-unit-price">
                <span class="value">1</span>
                <span class="cents">99</span>
                <span class="eur">€</span>
                <span class="unit-price">7.24 €/kg</span>            </div>
            
    <span class="vline"></span>
</div>                    		
        
        
        <div class="tags tags_primary bottom_icons">
                                                            
                                <div data-alt="Atlaide ar PALDIES karti" class="tag tag-soap-2 " style="background-image: url('/uploads/sale/atlaide-ar-paldies-karti-7358.png');                     ">
                </div>
                                                                            
                                <div data-alt="Latvijas produkts" class="tag tag-soap-6 " style="background-image: url('/uploads/sale/latvijas-produkts-3559.png');                     ">
                </div>
                            
                    </div>
        <div class="tags tags_primary info_icon">
            
    <div data-alt="Preču piedāvājums atšķirīgs Maxima veikalos, ar aktuālo akcijas preču piedāvājumu aicinām iepazīties uz vietas veikalā!" class="tag i"></div>

        </div>

        <div class="info-notice">
            


                                                                            </div>

        <div class="img">
          <img alt="Biezpiens JAUNPILS vājpiena 0,5% 275g" src="/uploads/sale/2026/sales_page/01/02//biezpiens-jaunpils-vajpiena-0-5-275g-00148-0102115019.png?1767347419">
        </div>
        <div class="text paldies-card      ">
            <div class="title">Biezpiens JAUNPILS vājpiena 0,5% 275g</div>
            <div class="pack">
                <span class="ptitle"></span>
                <span class="price"> 7.24 €/kg</span>
            </div>
                    </div>
        <div class="infopop">
            <div class="in"><span></span>
                <div class="arrow_top"></div>
                <div class="arrow_bottom"></div>
            </div>
        </div>
    </div>
</div><div class="col-third offer-item">
    <div class="item bl_shadow product-241108 paldies-card  offer-2-l-sp-sku units-price        " data-product-id="241108" data-timeout="26" data-dates-interval="13.01. - 09.03.2026." tabindex="0" role="button">
                                                    <div class="discount price with-unit-price ">
                                                                            <div class="paldies-card-icon with-unit-price">
                        <img src="/images/front/icons/paldies2-icon.png" alt="Paldies">
                    </div>
                                
                    <div class="t1 with-unit-price paldies-card">
            <span class="value">1</span>
            <span class="cents">99</span>
            <span class="eur">€</span>
            <span class="unit-price">19.90 €/kg</span>
        </div>
                    <div class="t2">
                <span class="value">2,59</span>
                <span class="eur">€</span>
            </div>
            <div class="t3 with-unit-price">
                <span class="value">2</span>
                <span class="cents">59</span>
                <span class="eur">€</span>
                <span class="unit-price">25.90 €/kg</span>            </div>
            
    <span class="vline"></span>
</div>                    		
        
        
        <div class="tags tags_primary bottom_icons">
                                                            
                                <div data-alt="Atlaide ar PALDIES karti" class="tag tag-soap-2 " style="background-image: url('/uploads/sale/atlaide-ar-paldies-karti-7358.png');                     ">
                </div>
                            
                    </div>
        <div class="tags tags_primary info_icon">
            
    <div data-alt="Preču piedāvājums atšķirīgs Maxima veikalos, ar aktuālo akcijas preču piedāvājumu aicinām iepazīties uz vietas veikalā!" class="tag i"></div>

        </div>

        <div class="info-notice">
            


                                                </div>

        <div class="img">
          <img alt="Kazas siers šķēlītēs GOAT FARM 100g" src="/uploads/sale/2026/sales_page/01/02//kazas-siers-skelites-goat-farm-100g-00149-0102115019.png?1767347419">
        </div>
        <div class="text paldies-card      ">
            <div class="title">Kazas siers šķēlītēs GOAT FARM 100g</div>
            <div class="pack">
                <span class="ptitle"></span>
                <span class="price"> 25.90 €/kg</span>
            </div>
                    </div>
        <div class="infopop">
            <div class="in"><span></span>
                <div class="arrow_top"></div>
                <div class="arrow_bottom"></div>
            </div>
        </div>
    </div>
</div><div class="col-third offer-item">
    <div class="item bl_shadow product-241109 paldies-card  offer-2-l-sp-sku units-price        " data-product-id="241109" data-timeout="26" data-dates-interval="13.01. - 09.03.2026." tabindex="0" role="button">
                                                    <div class="discount price with-unit-price ">
                                                                            <div class="paldies-card-icon with-unit-price">
                        <img src="/images/front/icons/paldies2-icon.png" alt="Paldies">
                    </div>
                                
                    <div class="t1 with-unit-price paldies-card">
            <span class="value">1</span>
            <span class="cents">19</span>
            <span class="eur">€</span>
            <span class="unit-price">6.61 €/kg</span>
        </div>
                    <div class="t2">
                <span class="value">1,45</span>
                <span class="eur">€</span>
            </div>
            <div class="t3 with-unit-price">
                <span class="value">1</span>
                <span class="cents">45</span>
                <span class="eur">€</span>
                <span class="unit-price">8.06 €/kg</span>            </div>
            
    <span class="vline"></span>
</div>                    		
        
        
        <div class="tags tags_primary bottom_icons">
                                                            
                                <div data-alt="Atlaide ar PALDIES karti" class="tag tag-soap-2 " style="background-image: url('/uploads/sale/atlaide-ar-paldies-karti-7358.png');                     ">
                </div>
                            
                    </div>
        <div class="tags tags_primary info_icon">
            
    <div data-alt="Preču piedāvājums atšķirīgs Maxima veikalos, ar aktuālo akcijas preču piedāvājumu aicinām iepazīties uz vietas veikalā!" class="tag i"></div>

        </div>

        <div class="info-notice">
            


                                                </div>

        <div class="img">
          <img alt="Graudainais biezpiens ANNELE 7% 180g" src="/uploads/sale/2026/sales_page/01/02//graudainais-biezpiens-annele-7-180g-00150-0102115019.png?1767347419">
        </div>
        <div class="text paldies-card      ">
            <div class="title">Graudainais biezpiens ANNELE 7% 180g</div>
            <div class="pack">
                <span class="ptitle"></span>
                <span class="price"> 8.06 €/kg</span>
            </div>
                    </div>
        <div class="infopop">
            <div class="in"><span></span>
                <div class="arrow_top"></div>
                <div class="arrow_bottom"></div>
            </div>
        </div>
    </div>
</div><div class="col-third offer-item">
    <div class="item bl_shadow product-241110 paldies-card  offer-2-l-sp-sku units-price        " data-product-id="241110" data-timeout="26" data-dates-interval="13.01. - 09.03.2026." tabindex="0" role="button">
                                                    <div class="discount price with-unit-price ">
                                                                            <div class="paldies-card-icon with-unit-price">
                        <img src="/images/front/icons/paldies2-icon.png" alt="Paldies">
                    </div>
                                                                
                    <div class="t1 with-unit-price paldies-card">
            <span class="value">4</span>
            <span class="cents">49</span>
            <span class="eur">€</span>
            <span class="unit-price">3.74 €/kg</span>
        </div>
                    <div class="t2">
                <span class="value">5,99</span>
                <span class="eur">€</span>
            </div>
            <div class="t3 with-unit-price">
                <span class="value">5</span>
                <span class="cents">99</span>
                <span class="eur">€</span>
                <span class="unit-price">4.99 €/kg</span>            </div>
            
    <span class="vline"></span>
</div>                    		
        
        
        <div class="tags tags_primary bottom_icons">
                                                            
                                <div data-alt="Atlaide ar PALDIES karti" class="tag tag-soap-2 " style="background-image: url('/uploads/sale/atlaide-ar-paldies-karti-7358.png');                     ">
                </div>
                                                                            
                                <div data-alt="Latvijas produkts" class="tag tag-soap-6 " style="background-image: url('/uploads/sale/latvijas-produkts-3559.png');                     ">
                </div>
                            
                    </div>
        <div class="tags tags_primary info_icon">
            
    <div data-alt="Preču piedāvājums atšķirīgs Maxima veikalos, ar aktuālo akcijas preču piedāvājumu aicinām iepazīties uz vietas veikalā!" class="tag i"></div>

        </div>

        <div class="info-notice">
            


                                                                            </div>

        <div class="img">
          <img alt="Jog.dzēr. ACTIMEL zem.kaz.mell. 12x100g" src="/uploads/sale/2026/sales_page/01/02//jog-dzer-actimel-zem-kaz-mell-12x100g-00151-0102115019.png?1767347419">
        </div>
        <div class="text paldies-card      ">
            <div class="title">Jog.dzēr. ACTIMEL zem.kaz.mell. 12x100g</div>
            <div class="pack">
                <span class="ptitle"></span>
                <span class="price"> 4.99 €/kg</span>
            </div>
                    </div>
        <div class="infopop">
            <div class="in"><span></span>
                <div class="arrow_top"></div>
                <div class="arrow_bottom"></div>
            </div>
        </div>
    </div>
</div><div class="col-third offer-item">
    <div class="item bl_shadow product-241111 paldies-card  offer-2-l-sp-sku units-price        " data-product-id="241111" data-timeout="26" data-dates-interval="13.01. - 09.03.2026." tabindex="0" role="button">
                                                    <div class="discount price with-unit-price ">
                                                                            <div class="paldies-card-icon with-unit-price">
                        <img src="/images/front/icons/paldies2-icon.png" alt="Paldies">
                    </div>
                                                                
                    <div class="t1 with-unit-price paldies-card">
            <span class="value">1</span>
            <span class="cents">39</span>
            <span class="eur">€</span>
            <span class="unit-price">3.09 €/kg</span>
        </div>
                    <div class="t2">
                <span class="value">1,79</span>
                <span class="eur">€</span>
            </div>
            <div class="t3 with-unit-price">
                <span class="value">1</span>
                <span class="cents">79</span>
                <span class="eur">€</span>
                <span class="unit-price">3.98 €/kg</span>            </div>
            
    <span class="vline"></span>
</div>                    		
        
        
        <div class="tags tags_primary bottom_icons">
                                                            
                                <div data-alt="Atlaide ar PALDIES karti" class="tag tag-soap-2 " style="background-image: url('/uploads/sale/atlaide-ar-paldies-karti-7358.png');                     ">
                </div>
                                                                            
                                <div data-alt="Latvijas produkts" class="tag tag-soap-6 " style="background-image: url('/uploads/sale/latvijas-produkts-3559.png');                     ">
                </div>
                            
                    </div>
        <div class="tags tags_primary info_icon">
            
    <div data-alt="Preču piedāvājums atšķirīgs Maxima veikalos, ar aktuālo akcijas preču piedāvājumu aicinām iepazīties uz vietas veikalā!" class="tag i"></div>

        </div>

        <div class="info-notice">
            


                                                                            </div>

        <div class="img">
          <img alt="Raudz.piena prod.LAKTO klasisk.450g" src="/uploads/sale/2026/sales_page/01/02//raudz-piena-prod-lakto-klasisk-450g-00152-0102115019.png?1767347419">
        </div>
        <div class="text paldies-card      ">
            <div class="title">Raudz.piena prod.LAKTO klasisk.450g</div>
            <div class="pack">
                <span class="ptitle"></span>
                <span class="price"> 3.98 €/kg</span>
            </div>
                    </div>
        <div class="infopop">
            <div class="in"><span></span>
                <div class="arrow_top"></div>
                <div class="arrow_bottom"></div>
            </div>
        </div>
    </div>
</div><div class="col-third offer-item">
    <div class="item bl_shadow product-241112 paldies-card  offer-2-l-sp-sku units-price        " data-product-id="241112" data-timeout="26" data-dates-interval="13.01. - 09.03.2026." tabindex="0" role="button">
                                                    <div class="discount price with-unit-price ">
                                                                            <div class="paldies-card-icon with-unit-price">
                        <img src="/images/front/icons/paldies2-icon.png" alt="Paldies">
                    </div>
                                                                
                    <div class="t1 with-unit-price paldies-card">
            <span class="value">1</span>
            <span class="cents">39</span>
            <span class="eur">€</span>
            <span class="unit-price">3.09 €/kg</span>
        </div>
                    <div class="t2">
                <span class="value">1,79</span>
                <span class="eur">€</span>
            </div>
            <div class="t3 with-unit-price">
                <span class="value">1</span>
                <span class="cents">79</span>
                <span class="eur">€</span>
                <span class="unit-price">3.98 €/kg</span>            </div>
            
    <span class="vline"></span>
</div>                    		
        
        
        <div class="tags tags_primary bottom_icons">
                                                            
                                <div data-alt="Atlaide ar PALDIES karti" class="tag tag-soap-2 " style="background-image: url('/uploads/sale/atlaide-ar-paldies-karti-7358.png');                     ">
                </div>
                                                                            
                                <div data-alt="Latvijas produkts" class="tag tag-soap-6 " style="background-image: url('/uploads/sale/latvijas-produkts-3559.png');                     ">
                </div>
                            
                    </div>
        <div class="tags tags_primary info_icon">
            
    <div data-alt="Preču piedāvājums atšķirīgs Maxima veikalos, ar aktuālo akcijas preču piedāvājumu aicinām iepazīties uz vietas veikalā!" class="tag i"></div>

        </div>

        <div class="info-notice">
            


                                                                            </div>

        <div class="img">
          <img alt="Raudz.piena prod.LAKTO smiltsērk.450g" src="/uploads/sale/2026/sales_page/01/02//raudz-piena-prod-lakto-smiltserk-450g-00153-0102115019.png?1767347419">
        </div>
        <div class="text paldies-card      ">
            <div class="title">Raudz.piena prod.LAKTO smiltsērk.450g</div>
            <div class="pack">
                <span class="ptitle"></span>
                <span class="price"> 3.98 €/kg</span>
            </div>
                    </div>
        <div class="infopop">
            <div class="in"><span></span>
                <div class="arrow_top"></div>
                <div class="arrow_bottom"></div>
            </div>
        </div>
    </div>
</div><div class="col-third offer-item">
    <div class="item bl_shadow product-241113 paldies-card  offer-2-l-sp-sku units-price        " data-product-id="241113" data-timeout="26" data-dates-interval="20.01. - 09.03.2026." tabindex="0" role="button">
                                                    <div class="discount price with-unit-price ">
                                                                            <div class="paldies-card-icon with-unit-price">
                        <img src="/images/front/icons/paldies2-icon.png" alt="Paldies">
                    </div>
                                                                
                    <div class="t1 with-unit-price paldies-card">
            <span class="value">1</span>
            <span class="cents">79</span>
            <span class="eur">€</span>
            <span class="unit-price">8.95 €/kg</span>
        </div>
                    <div class="t2">
                <span class="value">2,35</span>
                <span class="eur">€</span>
            </div>
            <div class="t3 with-unit-price">
                <span class="value">2</span>
                <span class="cents">35</span>
                <span class="eur">€</span>
                <span class="unit-price">11.75 €/kg</span>            </div>
            
    <span class="vline"></span>
</div>                    		
        
        
        <div class="tags tags_primary bottom_icons">
                                                            
                                <div data-alt="Atlaide ar PALDIES karti" class="tag tag-soap-2 " style="background-image: url('/uploads/sale/atlaide-ar-paldies-karti-7358.png');                     ">
                </div>
                                                                            
                                <div data-alt="Latvijas produkts" class="tag tag-soap-6 " style="background-image: url('/uploads/sale/latvijas-produkts-3559.png');                     ">
                </div>
                            
                    </div>
        <div class="tags tags_primary info_icon">
            
    <div data-alt="Preču piedāvājums atšķirīgs Maxima veikalos, ar aktuālo akcijas preču piedāvājumu aicinām iepazīties uz vietas veikalā!" class="tag i"></div>

        </div>

        <div class="info-notice">
            


                                                                            </div>

        <div class="img">
          <img alt="Kausētais siers DZINTARS ar barav.200g" src="/uploads/sale/2026/sales_page/01/02//kausetais-siers-dzintars-ar-barav-200g-00154-0119165630.png?1768834590">
        </div>
        <div class="text paldies-card      ">
            <div class="title">Kausētais siers DZINTARS ar barav.200g</div>
            <div class="pack">
                <span class="ptitle"></span>
                <span class="price"> 11.75 €/kg</span>
            </div>
                    </div>
        <div class="infopop">
            <div class="in"><span></span>
                <div class="arrow_top"></div>
                <div class="arrow_bottom"></div>
            </div>
        </div>
    </div>
</div><div class="col-third offer-item">
    <div class="item bl_shadow product-241114 paldies-card  offer-2-l-sp-sku units-price        " data-product-id="241114" data-timeout="26" data-dates-interval="13.01. - 09.03.2026." tabindex="0" role="button">
                                                    <div class="discount price with-unit-price ">
                                                                            <div class="paldies-card-icon with-unit-price">
                        <img src="/images/front/icons/paldies2-icon.png" alt="Paldies">
                    </div>
                                                                
                    <div class="t1 with-unit-price paldies-card">
            <span class="value">1</span>
            <span class="cents">19</span>
            <span class="eur">€</span>
            <span class="unit-price">3.13 €/kg</span>
        </div>
                    <div class="t2">
                <span class="value">1,39</span>
                <span class="eur">€</span>
            </div>
            <div class="t3 with-unit-price">
                <span class="value">1</span>
                <span class="cents">39</span>
                <span class="eur">€</span>
                <span class="unit-price">3.66 €/kg</span>            </div>
            
    <span class="vline"></span>
</div>                    		
        
        
        <div class="tags tags_primary bottom_icons">
                                                            
                                <div data-alt="Atlaide ar PALDIES karti" class="tag tag-soap-2 " style="background-image: url('/uploads/sale/atlaide-ar-paldies-karti-7358.png');                     ">
                </div>
                                                                            
                                <div data-alt="Latvijas produkts" class="tag tag-soap-6 " style="background-image: url('/uploads/sale/latvijas-produkts-3559.png');                     ">
                </div>
                            
                    </div>
        <div class="tags tags_primary info_icon">
            
    <div data-alt="Preču piedāvājums atšķirīgs Maxima veikalos, ar aktuālo akcijas preču piedāvājumu aicinām iepazīties uz vietas veikalā!" class="tag i"></div>

        </div>

        <div class="info-notice">
            


                                                                            </div>

        <div class="img">
          <img alt="Jogurts BALTAIS maizes ar žāv.aprik.380g" src="/uploads/sale/2026/sales_page/01/02//jogurts-baltais-maizes-ar-zav-aprik-380g-00155-0102115019.png?1767347419">
        </div>
        <div class="text paldies-card      ">
            <div class="title">Jogurts BALTAIS maizes ar žāv.aprik.380g</div>
            <div class="pack">
                <span class="ptitle"></span>
                <span class="price"> 3.66 €/kg</span>
            </div>
                    </div>
        <div class="infopop">
            <div class="in"><span></span>
                <div class="arrow_top"></div>
                <div class="arrow_bottom"></div>
            </div>
        </div>
    </div>
</div><div class="col-third offer-item">
    <div class="item bl_shadow product-241115 paldies-card  offer-2-l-sp-sku units-price        " data-product-id="241115" data-timeout="26" data-dates-interval="27.01. - 09.03.2026." tabindex="0" role="button">
                                                    <div class="discount price with-unit-price ">
                                                                            <div class="paldies-card-icon with-unit-price">
                        <img src="/images/front/icons/paldies2-icon.png" alt="Paldies">
                    </div>
                                
                    <div class="t1 with-unit-price paldies-card">
            <span class="value">0</span>
            <span class="cents">99</span>
            <span class="eur">€</span>
            <span class="unit-price">5.50 €/kg</span>
        </div>
                    <div class="t2">
                <span class="value">1,29</span>
                <span class="eur">€</span>
            </div>
            <div class="t3 with-unit-price">
                <span class="value">1</span>
                <span class="cents">29</span>
                <span class="eur">€</span>
                <span class="unit-price">7.17 €/kg</span>            </div>
            
    <span class="vline"></span>
</div>                    		
        
        
        <div class="tags tags_primary bottom_icons">
                                                            
                                <div data-alt="Atlaide ar PALDIES karti" class="tag tag-soap-2 " style="background-image: url('/uploads/sale/atlaide-ar-paldies-karti-7358.png');                     ">
                </div>
                            
                    </div>
        <div class="tags tags_primary info_icon">
            
    <div data-alt="Preču piedāvājums atšķirīgs Maxima veikalos, ar aktuālo akcijas preču piedāvājumu aicinām iepazīties uz vietas veikalā!" class="tag i"></div>

        </div>

        <div class="info-notice">
            


                                                </div>

        <div class="img">
          <img alt="Saldais biezpiens BALTAIS vaniļas 180g" src="/uploads/sale/2026/sales_page/01/02//saldais-biezpiens-baltais-vanilas-180g-00156-0102115020.png?1767347420">
        </div>
        <div class="text paldies-card      ">
            <div class="title">Saldais biezpiens BALTAIS vaniļas 180g</div>
            <div class="pack">
                <span class="ptitle"></span>
                <span class="price"> 7.17 €/kg</span>
            </div>
                    </div>
        <div class="infopop">
            <div class="in"><span></span>
                <div class="arrow_top"></div>
                <div class="arrow_bottom"></div>
            </div>
        </div>
    </div>
</div><div class="col-third offer-item">
    <div class="item bl_shadow product-241116 paldies-card  offer-2-l-sp-sku units-price        " data-product-id="241116" data-timeout="26" data-dates-interval="27.01. - 09.03.2026." tabindex="0" role="button">
                                                    <div class="discount price with-unit-price ">
                                                                            <div class="paldies-card-icon with-unit-price">
                        <img src="/images/front/icons/paldies2-icon.png" alt="Paldies">
                    </div>
                                
                    <div class="t1 with-unit-price paldies-card">
            <span class="value">0</span>
            <span class="cents">99</span>
            <span class="eur">€</span>
            <span class="unit-price">5.50 €/kg</span>
        </div>
                    <div class="t2">
                <span class="value">1,29</span>
                <span class="eur">€</span>
            </div>
            <div class="t3 with-unit-price">
                <span class="value">1</span>
                <span class="cents">29</span>
                <span class="eur">€</span>
                <span class="unit-price">7.17 €/kg</span>            </div>
            
    <span class="vline"></span>
</div>                    		
        
        
        <div class="tags tags_primary bottom_icons">
                                                            
                                <div data-alt="Atlaide ar PALDIES karti" class="tag tag-soap-2 " style="background-image: url('/uploads/sale/atlaide-ar-paldies-karti-7358.png');                     ">
                </div>
                            
                    </div>
        <div class="tags tags_primary info_icon">
            
    <div data-alt="Preču piedāvājums atšķirīgs Maxima veikalos, ar aktuālo akcijas preču piedāvājumu aicinām iepazīties uz vietas veikalā!" class="tag i"></div>

        </div>

        <div class="info-notice">
            


                                                </div>

        <div class="img">
          <img alt="Sald.biezpiens BALTAIS ar rozīnēm 180g" src="/uploads/sale/2026/sales_page/01/02//sald-biezpiens-baltais-ar-rozinem-180g-00157-0102115020.png?1767347420">
        </div>
        <div class="text paldies-card      ">
            <div class="title">Sald.biezpiens BALTAIS ar rozīnēm 180g</div>
            <div class="pack">
                <span class="ptitle"></span>
                <span class="price"> 7.17 €/kg</span>
            </div>
                    </div>
        <div class="infopop">
            <div class="in"><span></span>
                <div class="arrow_top"></div>
                <div class="arrow_bottom"></div>
            </div>
        </div>
    </div>
</div><div class="col-third offer-item">
    <div class="item bl_shadow product-241117 paldies-card  offer-2-l-sp-sku units-price        " data-product-id="241117" data-timeout="26" data-dates-interval="13.01. - 09.03.2026." tabindex="0" role="button">
                                                    <div class="discount price with-unit-price ">
                                                                            <div class="paldies-card-icon with-unit-price">
                        <img src="/images/front/icons/paldies2-icon.png" alt="Paldies">
                    </div>
                                                                
                    <div class="t1 with-unit-price paldies-card">
            <span class="value">1</span>
            <span class="cents">19</span>
            <span class="eur">€</span>
            <span class="unit-price">3.13 €/kg</span>
        </div>
                    <div class="t2">
                <span class="value">1,39</span>
                <span class="eur">€</span>
            </div>
            <div class="t3 with-unit-price">
                <span class="value">1</span>
                <span class="cents">39</span>
                <span class="eur">€</span>
                <span class="unit-price">3.66 €/kg</span>            </div>
            
    <span class="vline"></span>
</div>                    		
        
        
        <div class="tags tags_primary bottom_icons">
                                                            
                                <div data-alt="Atlaide ar PALDIES karti" class="tag tag-soap-2 " style="background-image: url('/uploads/sale/atlaide-ar-paldies-karti-7358.png');                     ">
                </div>
                                                                            
                                <div data-alt="Latvijas produkts" class="tag tag-soap-6 " style="background-image: url('/uploads/sale/latvijas-produkts-3559.png');                     ">
                </div>
                            
                    </div>
        <div class="tags tags_primary info_icon">
            
    <div data-alt="Preču piedāvājums atšķirīgs Maxima veikalos, ar aktuālo akcijas preču piedāvājumu aicinām iepazīties uz vietas veikalā!" class="tag i"></div>

        </div>

        <div class="info-notice">
            


                                                                            </div>

        <div class="img">
          <img alt="Jogurts BALTAIS ar musli 380g" src="/uploads/sale/2026/sales_page/01/02//jogurts-baltais-ar-musli-380g-00158-0102115020.png?1767347420">
        </div>
        <div class="text paldies-card      ">
            <div class="title">Jogurts BALTAIS ar musli 380g</div>
            <div class="pack">
                <span class="ptitle"></span>
                <span class="price"> 3.66 €/kg</span>
            </div>
                    </div>
        <div class="infopop">
            <div class="in"><span></span>
                <div class="arrow_top"></div>
                <div class="arrow_bottom"></div>
            </div>
        </div>
    </div>
</div><div class="col-third offer-item">
    <div class="item bl_shadow product-241118 paldies-card  offer-2-l-sp-sku units-price        " data-product-id="241118" data-timeout="26" data-dates-interval="27.01. - 09.03.2026." tabindex="0" role="button">
                                                    <div class="discount price with-unit-price ">
                                                                            <div class="paldies-card-icon with-unit-price">
                        <img src="/images/front/icons/paldies2-icon.png" alt="Paldies">
                    </div>
                                
                    <div class="t1 with-unit-price paldies-card">
            <span class="value">1</span>
            <span class="cents">39</span>
            <span class="eur">€</span>
            <span class="unit-price">7.72 €/kg</span>
        </div>
                    <div class="t2">
                <span class="value">2,69</span>
                <span class="eur">€</span>
            </div>
            <div class="t3 with-unit-price">
                <span class="value">2</span>
                <span class="cents">69</span>
                <span class="eur">€</span>
                <span class="unit-price">14.94 €/kg</span>            </div>
            
    <span class="vline"></span>
</div>                    		
        
        
        <div class="tags tags_primary bottom_icons">
                                                            
                                <div data-alt="Atlaide ar PALDIES karti" class="tag tag-soap-2 " style="background-image: url('/uploads/sale/atlaide-ar-paldies-karti-7358.png');                     ">
                </div>
                            
                    </div>
        <div class="tags tags_primary info_icon">
            
    <div data-alt="Preču piedāvājums atšķirīgs Maxima veikalos, ar aktuālo akcijas preču piedāvājumu aicinām iepazīties uz vietas veikalā!" class="tag i"></div>

        </div>

        <div class="info-notice">
            


                                                </div>

        <div class="img">
          <img alt="Sviests saldkrējuma RASA 82% 180g" src="/uploads/sale/2026/sales_page/01/02//sviests-saldkrejuma-rasa-82-180g-00159-0129103018.png?1769675418">
        </div>
        <div class="text paldies-card      ">
            <div class="title">Sviests saldkrējuma RASA 82% 180g</div>
            <div class="pack">
                <span class="ptitle"></span>
                <span class="price"> 14.94 €/kg</span>
            </div>
                    </div>
        <div class="infopop">
            <div class="in"><span></span>
                <div class="arrow_top"></div>
                <div class="arrow_bottom"></div>
            </div>
        </div>
    </div>
</div><div class="col-third offer-item">
    <div class="item bl_shadow product-241119 paldies-card  offer-2-l-sp-sku units-price        " data-product-id="241119" data-timeout="26" data-dates-interval="13.01. - 09.03.2026." tabindex="0" role="button">
                                                    <div class="discount price with-unit-price ">
                                                                            <div class="paldies-card-icon with-unit-price">
                        <img src="/images/front/icons/paldies2-icon.png" alt="Paldies">
                    </div>
                                
                    <div class="t1 with-unit-price paldies-card">
            <span class="value">0</span>
            <span class="cents">39</span>
            <span class="eur">€</span>
            <span class="unit-price">8.67 €/kg</span>
        </div>
                    <div class="t2">
                <span class="value">0,52</span>
                <span class="eur">€</span>
            </div>
            <div class="t3 with-unit-price">
                <span class="value">0</span>
                <span class="cents">52</span>
                <span class="eur">€</span>
                <span class="unit-price">11.56 €/kg</span>            </div>
            
    <span class="vline"></span>
</div>                    		
        
        
        <div class="tags tags_primary bottom_icons">
                                                            
                                <div data-alt="Atlaide ar PALDIES karti" class="tag tag-soap-2 " style="background-image: url('/uploads/sale/atlaide-ar-paldies-karti-7358.png');                     ">
                </div>
                            
                    </div>
        <div class="tags tags_primary info_icon">
            
    <div data-alt="Preču piedāvājums atšķirīgs Maxima veikalos, ar aktuālo akcijas preču piedāvājumu aicinām iepazīties uz vietas veikalā!" class="tag i"></div>

        </div>

        <div class="info-notice">
            


                                                </div>

        <div class="img">
          <img alt="Biezpiena sieriņš KĀRUMS citronu 45g" src="/uploads/sale/2026/sales_page/01/02//biezpiena-sierins-karums-citronu-45g-00160-0102115020.png?1767347420">
        </div>
        <div class="text paldies-card      ">
            <div class="title">Biezpiena sieriņš KĀRUMS citronu 45g</div>
            <div class="pack">
                <span class="ptitle"></span>
                <span class="price"> 11.56 €/kg</span>
            </div>
                    </div>
        <div class="infopop">
            <div class="in"><span></span>
                <div class="arrow_top"></div>
                <div class="arrow_bottom"></div>
            </div>
        </div>
    </div>
</div><div class="col-third offer-item">
    <div class="item bl_shadow product-241093 paldies-card  offer-2-l-sp-sku units-price        " data-product-id="241093" data-timeout="26" data-dates-interval="13.01. - 09.03.2026." tabindex="0" role="button">
                                                    <div class="discount price with-unit-price ">
                                                                            <div class="paldies-card-icon with-unit-price">
                        <img src="/images/front/icons/paldies2-icon.png" alt="Paldies">
                    </div>
                                                                
                    <div class="t1 with-unit-price paldies-card">
            <span class="value">1</span>
            <span class="cents">29</span>
            <span class="eur">€</span>
            <span class="unit-price">1.29 €/kg</span>
        </div>
                    <div class="t2">
                <span class="value">1,55</span>
                <span class="eur">€</span>
            </div>
            <div class="t3 with-unit-price">
                <span class="value">1</span>
                <span class="cents">55</span>
                <span class="eur">€</span>
                <span class="unit-price">1.55 €/kg</span>            </div>
            
    <span class="vline"></span>
</div>                    		
        
        
        <div class="tags tags_primary bottom_icons">
                                                            
                                <div data-alt="Atlaide ar PALDIES karti" class="tag tag-soap-2 " style="background-image: url('/uploads/sale/atlaide-ar-paldies-karti-7358.png');                     ">
                </div>
                                                                            
                                <div data-alt="Latvijas produkts" class="tag tag-soap-6 " style="background-image: url('/uploads/sale/latvijas-produkts-3559.png');                     ">
                </div>
                            
                    </div>
        <div class="tags tags_primary info_icon">
            
    <div data-alt="Preču piedāvājums atšķirīgs Maxima veikalos, ar aktuālo akcijas preču piedāvājumu aicinām iepazīties uz vietas veikalā!" class="tag i"></div>

        </div>

        <div class="info-notice">
            


                                                                            </div>

        <div class="img">
          <img alt="Kefīrs LAZDONAS PIENS 3,2% 1kg pudelē" src="/uploads/sale/2026/sales_page/01/02//kefirs-lazdonas-piens-3-2-1kg-pudele-00161-0102115017.png?1767347417">
        </div>
        <div class="text paldies-card      ">
            <div class="title">Kefīrs LAZDONAS PIENS 3,2% 1kg pudelē</div>
            <div class="pack">
                <span class="ptitle"></span>
                <span class="price"> 1.55 €/kg</span>
            </div>
                    </div>
        <div class="infopop">
            <div class="in"><span></span>
                <div class="arrow_top"></div>
                <div class="arrow_bottom"></div>
            </div>
        </div>
    </div>
</div><div class="col-third offer-item">
    <div class="item bl_shadow product-241094 paldies-card  offer-2-l-sp-sku units-price        " data-product-id="241094" data-timeout="26" data-dates-interval="13.01. - 09.03.2026." tabindex="0" role="button">
                                                    <div class="discount price with-unit-price ">
                                                                            <div class="paldies-card-icon with-unit-price">
                        <img src="/images/front/icons/paldies2-icon.png" alt="Paldies">
                    </div>
                                                                
                    <div class="t1 with-unit-price paldies-card">
            <span class="value">1</span>
            <span class="cents">29</span>
            <span class="eur">€</span>
            <span class="unit-price">1.29 €/kg</span>
        </div>
                    <div class="t2">
                <span class="value">1,55</span>
                <span class="eur">€</span>
            </div>
            <div class="t3 with-unit-price">
                <span class="value">1</span>
                <span class="cents">55</span>
                <span class="eur">€</span>
                <span class="unit-price">1.55 €/kg</span>            </div>
            
    <span class="vline"></span>
</div>                    		
        
        
        <div class="tags tags_primary bottom_icons">
                                                            
                                <div data-alt="Atlaide ar PALDIES karti" class="tag tag-soap-2 " style="background-image: url('/uploads/sale/atlaide-ar-paldies-karti-7358.png');                     ">
                </div>
                                                                            
                                <div data-alt="Latvijas produkts" class="tag tag-soap-6 " style="background-image: url('/uploads/sale/latvijas-produkts-3559.png');                     ">
                </div>
                            
                    </div>
        <div class="tags tags_primary info_icon">
            
    <div data-alt="Preču piedāvājums atšķirīgs Maxima veikalos, ar aktuālo akcijas preču piedāvājumu aicinām iepazīties uz vietas veikalā!" class="tag i"></div>

        </div>

        <div class="info-notice">
            


                                                                            </div>

        <div class="img">
          <img alt="Kefīrs LAZDONAS PIENS 3,2% 1kg pudelē" src="/uploads/sale/2026/sales_page/01/02//kefirs-lazdonas-piens-3-2-1kg-pudele-00161-0102115017.png?1767347417">
        </div>
        <div class="text paldies-card      ">
            <div class="title">Kefīrs LAZDONAS PIENS 3,2% 1kg pudelē</div>
            <div class="pack">
                <span class="ptitle"></span>
                <span class="price"> 1.55 €/kg</span>
            </div>
                    </div>
        <div class="infopop">
            <div class="in"><span></span>
                <div class="arrow_top"></div>
                <div class="arrow_bottom"></div>
            </div>
        </div>
    </div>
</div><div class="col-third offer-item">
    <div class="item bl_shadow product-241107 paldies-card  offer-2-l-sp-sku units-price        " data-product-id="241107" data-timeout="26" data-dates-interval="13.01. - 09.03.2026." tabindex="0" role="button">
                                                    <div class="discount price with-unit-price ">
                                                                            <div class="paldies-card-icon with-unit-price">
                        <img src="/images/front/icons/paldies2-icon.png" alt="Paldies">
                    </div>
                                                                
                    <div class="t1 with-unit-price paldies-card">
            <span class="value">1</span>
            <span class="cents">59</span>
            <span class="eur">€</span>
            <span class="unit-price">5.78 €/kg</span>
        </div>
                    <div class="t2">
                <span class="value">1,99</span>
                <span class="eur">€</span>
            </div>
            <div class="t3 with-unit-price">
                <span class="value">1</span>
                <span class="cents">99</span>
                <span class="eur">€</span>
                <span class="unit-price">7.24 €/kg</span>            </div>
            
    <span class="vline"></span>
</div>                    		
        
        
        <div class="tags tags_primary bottom_icons">
                                                            
                                <div data-alt="Atlaide ar PALDIES karti" class="tag tag-soap-2 " style="background-image: url('/uploads/sale/atlaide-ar-paldies-karti-7358.png');                     ">
                </div>
                                                                            
                                <div data-alt="Latvijas produkts" class="tag tag-soap-6 " style="background-image: url('/uploads/sale/latvijas-produkts-3559.png');                     ">
                </div>
                            
                    </div>
        <div class="tags tags_primary info_icon">
            
    <div data-alt="Preču piedāvājums atšķirīgs Maxima veikalos, ar aktuālo akcijas preču piedāvājumu aicinām iepazīties uz vietas veikalā!" class="tag i"></div>

        </div>

        <div class="info-notice">
            


                                                                            </div>

        <div class="img">
          <img alt="Biezpiens JAUNPILS vājpiena 0,5% 275g" src="/uploads/sale/2026/sales_page/01/02//biezpiens-jaunpils-vajpiena-0-5-275g-00148-0102115019.png?1767347419">
        </div>
        <div class="text paldies-card      ">
            <div class="title">Biezpiens JAUNPILS vājpiena 0,5% 275g</div>
            <div class="pack">
                <span class="ptitle"></span>
                <span class="price"> 7.24 €/kg</span>
            </div>
                    </div>
        <div class="infopop">
            <div class="in"><span></span>
                <div class="arrow_top"></div>
                <div class="arrow_bottom"></div>
            </div>
        </div>
    </div>
</div><div class="col-third offer-item">
    <div class="item bl_shadow product-241108 paldies-card  offer-2-l-sp-sku units-price        " data-product-id="241108" data-timeout="26" data-dates-interval="13.01. - 09.03.2026." tabindex="0" role="button">
                                                    <div class="discount price with-unit-price ">
                                                                            <div class="paldies-card-icon with-unit-price">
                        <img src="/images/front/icons/paldies2-icon.png" alt="Paldies">
                    </div>
                                
                    <div class="t1 with-unit-price paldies-card">
            <span class="value">1</span>
            <span class="cents">99</span>
            <span class="eur">€</span>
            <span class="unit-price">19.90 €/kg</span>
        </div>
                    <div class="t2">
                <span class="value">2,59</span>
                <span class="eur">€</span>
            </div>
            <div class="t3 with-unit-price">
                <span class="value">2</span>
                <span class="cents">59</span>
                <span class="eur">€</span>
                <span class="unit-price">25.90 €/kg</span>            </div>
            
    <span class="vline"></span>
</div>                    		
        
        
        <div class="tags tags_primary bottom_icons">
                                                            
                                <div data-alt="Atlaide ar PALDIES karti" class="tag tag-soap-2 " style="background-image: url('/uploads/sale/atlaide-ar-paldies-karti-7358.png');                     ">
                </div>
                            
                    </div>
        <div class="tags tags_primary info_icon">
            
    <div data-alt="Preču piedāvājums atšķirīgs Maxima veikalos, ar aktuālo akcijas preču piedāvājumu aicinām iepazīties uz vietas veikalā!" class="tag i"></div>

        </div>

        <div class="info-notice">
            


                                                </div>

        <div class="img">
          <img alt="Kazas siers šķēlītēs GOAT FARM 100g" src="/uploads/sale/2026/sales_page/01/02//kazas-siers-skelites-goat-farm-100g-00149-0102115019.png?1767347419">
        </div>
        <div class="text paldies-card      ">
            <div class="title">Kazas siers šķēlītēs GOAT FARM 100g</div>
            <div class="pack">
                <span class="ptitle"></span>
                <span class="price"> 25.90 €/kg</span>
            </div>
                    </div>
        <div class="infopop">
            <div class="in"><span></span>
                <div class="arrow_top"></div>
                <div class="arrow_bottom"></div>
            </div>
        </div>
    </div>
</div><div class="col-third offer-item">
    <div class="item bl_shadow product-241109 paldies-card  offer-2-l-sp-sku units-price        " data-product-id="241109" data-timeout="26" data-dates-interval="13.01. - 09.03.2026." tabindex="0" role="button">
                                                    <div class="discount price with-unit-price ">
                                                                            <div class="paldies-card-icon with-unit-price">
                        <img src="/images/front/icons/paldies2-icon.png" alt="Paldies">
                    </div>
                                
                    <div class="t1 with-unit-price paldies-card">
            <span class="value">1</span>
            <span class="cents">19</span>
            <span class="eur">€</span>
            <span class="unit-price">6.61 €/kg</span>
        </div>
                    <div class="t2">
                <span class="value">1,45</span>
                <span class="eur">€</span>
            </div>
            <div class="t3 with-unit-price">
                <span class="value">1</span>
                <span class="cents">45</span>
                <span class="eur">€</span>
                <span class="unit-price">8.06 €/kg</span>            </div>
            
    <span class="vline"></span>
</div>                    		
        
        
        <div class="tags tags_primary bottom_icons">
                                                            
                                <div data-alt="Atlaide ar PALDIES karti" class="tag tag-soap-2 " style="background-image: url('/uploads/sale/atlaide-ar-paldies-karti-7358.png');                     ">
                </div>
                            
                    </div>
        <div class="tags tags_primary info_icon">
            
    <div data-alt="Preču piedāvājums atšķirīgs Maxima veikalos, ar aktuālo akcijas preču piedāvājumu aicinām iepazīties uz vietas veikalā!" class="tag i"></div>

        </div>

        <div class="info-notice">
            


                                                </div>

        <div class="img">
          <img alt="Graudainais biezpiens ANNELE 7% 180g" src="/uploads/sale/2026/sales_page/01/02//graudainais-biezpiens-annele-7-180g-00150-0102115019.png?1767347419">
        </div>
        <div class="text paldies-card      ">
            <div class="title">Graudainais biezpiens ANNELE 7% 180g</div>
            <div class="pack">
                <span class="ptitle"></span>
                <span class="price"> 8.06 €/kg</span>
            </div>
                    </div>
        <div class="infopop">
            <div class="in"><span></span>
                <div class="arrow_top"></div>
                <div class="arrow_bottom"></div>
            </div>
        </div>
    </div>
</div><div class="col-third offer-item">
    <div class="item bl_shadow product-241110 paldies-card  offer-2-l-sp-sku units-price        " data-product-id="241110" data-timeout="26" data-dates-interval="13.01. - 09.03.2026." tabindex="0" role="button">
                                                    <div class="discount price with-unit-price ">
                                                                            <div class="paldies-card-icon with-unit-price">
                        <img src="/images/front/icons/paldies2-icon.png" alt="Paldies">
                    </div>
                                                                
                    <div class="t1 with-unit-price paldies-card">
            <span class="value">4</span>
            <span class="cents">49</span>
            <span class="eur">€</span>
            <span class="unit-price">3.74 €/kg</span>
        </div>
                    <div class="t2">
                <span class="value">5,99</span>
                <span class="eur">€</span>
            </div>
            <div class="t3 with-unit-price">
                <span class="value">5</span>
                <span class="cents">99</span>
                <span class="eur">€</span>
                <span class="unit-price">4.99 €/kg</span>            </div>
            
    <span class="vline"></span>
</div>                    		
        
        
        <div class="tags tags_primary bottom_icons">
                                                            
                                <div data-alt="Atlaide ar PALDIES karti" class="tag tag-soap-2 " style="background-image: url('/uploads/sale/atlaide-ar-paldies-karti-7358.png');                     ">
                </div>
                                                                            
                                <div data-alt="Latvijas produkts" class="tag tag-soap-6 " style="background-image: url('/uploads/sale/latvijas-produkts-3559.png');                     ">
                </div>
                            
                    </div>
        <div class="tags tags_primary info_icon">
            
    <div data-alt="Preču piedāvājums atšķirīgs Maxima veikalos, ar aktuālo akcijas preču piedāvājumu aicinām iepazīties uz vietas veikalā!" class="tag i"></div>

        </div>

        <div class="info-notice">
            


                                                                            </div>

        <div class="img">
          <img alt="Jog.dzēr. ACTIMEL zem.kaz.mell. 12x100g" src="/uploads/sale/2026/sales_page/01/02//jog-dzer-actimel-zem-kaz-mell-12x100g-00151-0102115019.png?1767347419">
        </div>
        <div class="text paldies-card      ">
            <div class="title">Jog.dzēr. ACTIMEL zem.kaz.mell. 12x100g</div>
            <div class="pack">
                <span class="ptitle"></span>
                <span class="price"> 4.99 €/kg</span>
            </div>
                    </div>
        <div class="infopop">
            <div class="in"><span></span>
                <div class="arrow_top"></div>
                <div class="arrow_bottom"></div>
            </div>
        </div>
    </div>
</div><div class="col-third offer-item">
    <div class="item bl_shadow product-241111 paldies-card  offer-2-l-sp-sku units-price        " data-product-id="241111" data-timeout="26" data-dates-interval="13.01. - 09.03.2026." tabindex="0" role="button">
                                                    <div class="discount price with-unit-price ">
                                                                            <div class="paldies-card-icon with-unit-price">
                        <img src="/images/front/icons/paldies2-icon.png" alt="Paldies">
                    </div>
                                                                
                    <div class="t1 with-unit-price paldies-card">
            <span class="value">1</span>
            <span class="cents">39</span>
            <span class="eur">€</span>
            <span class="unit-price">3.09 €/kg</span>
        </div>
                    <div class="t2">
                <span class="value">1,79</span>
                <span class="eur">€</span>
            </div>
            <div class="t3 with-unit-price">
                <span class="value">1</span>
                <span class="cents">79</span>
                <span class="eur">€</span>
                <span class="unit-price">3.98 €/kg</span>            </div>
            
    <span class="vline"></span>
</div>                    		
        
        
        <div class="tags tags_primary bottom_icons">
                                                            
                                <div data-alt="Atlaide ar PALDIES karti" class="tag tag-soap-2 " style="background-image: url('/uploads/sale/atlaide-ar-paldies-karti-7358.png');                     ">
                </div>
                                                                            
                                <div data-alt="Latvijas produkts" class="tag tag-soap-6 " style="background-image: url('/uploads/sale/latvijas-produkts-3559.png');                     ">
                </div>
                            
                    </div>
        <div class="tags tags_primary info_icon">
            
    <div data-alt="Preču piedāvājums atšķirīgs Maxima veikalos, ar aktuālo akcijas preču piedāvājumu aicinām iepazīties uz vietas veikalā!" class="tag i"></div>

        </div>

        <div class="info-notice">
            


                                                                            </div>

        <div class="img">
          <img alt="Raudz.piena prod.LAKTO klasisk.450g" src="/uploads/sale/2026/sales_page/01/02//raudz-piena-prod-lakto-klasisk-450g-00152-0102115019.png?1767347419">
        </div>
        <div class="text paldies-card      ">
            <div class="title">Raudz.piena prod.LAKTO klasisk.450g</div>
            <div class="pack">
                <span class="ptitle"></span>
                <span class="price"> 3.98 €/kg</span>
            </div>
                    </div>
        <div class="infopop">
            <div class="in"><span></span>
                <div class="arrow_top"></div>
                <div class="arrow_bottom"></div>
            </div>
        </div>
    </div>
</div><div class="col-third offer-item">
    <div class="item bl_shadow product-241112 paldies-card  offer-2-l-sp-sku units-price        " data-product-id="241112" data-timeout="26" data-dates-interval="13.01. - 09.03.2026." tabindex="0" role="button">
                                                    <div class="discount price with-unit-price ">
                                                                            <div class="paldies-card-icon with-unit-price">
                        <img src="/images/front/icons/paldies2-icon.png" alt="Paldies">
                    </div>
                                                                
                    <div class="t1 with-unit-price paldies-card">
            <span class="value">1</span>
            <span class="cents">39</span>
            <span class="eur">€</span>
            <span class="unit-price">3.09 €/kg</span>
        </div>
                    <div class="t2">
                <span class="value">1,79</span>
                <span class="eur">€</span>
            </div>
            <div class="t3 with-unit-price">
                <span class="value">1</span>
                <span class="cents">79</span>
                <span class="eur">€</span>
                <span class="unit-price">3.98 €/kg</span>            </div>
            
    <span class="vline"></span>
</div>                    		
        
        
        <div class="tags tags_primary bottom_icons">
                                                            
                                <div data-alt="Atlaide ar PALDIES karti" class="tag tag-soap-2 " style="background-image: url('/uploads/sale/atlaide-ar-paldies-karti-7358.png');                     ">
                </div>
                                                                            
                                <div data-alt="Latvijas produkts" class="tag tag-soap-6 " style="background-image: url('/uploads/sale/latvijas-produkts-3559.png');                     ">
                </div>
                            
                    </div>
        <div class="tags tags_primary info_icon">
            
    <div data-alt="Preču piedāvājums atšķirīgs Maxima veikalos, ar aktuālo akcijas preču piedāvājumu aicinām iepazīties uz vietas veikalā!" class="tag i"></div>

        </div>

        <div class="info-notice">
            


                                                                            </div>

        <div class="img">
          <img alt="Raudz.piena prod.LAKTO smiltsērk.450g" src="/uploads/sale/2026/sales_page/01/02//raudz-piena-prod-lakto-smiltserk-450g-00153-0102115019.png?1767347419">
        </div>
        <div class="text paldies-card      ">
            <div class="title">Raudz.piena prod.LAKTO smiltsērk.450g</div>
            <div class="pack">
                <span class="ptitle"></span>
                <span class="price"> 3.98 €/kg</span>
            </div>
                    </div>
        <div class="infopop">
            <div class="in"><span></span>
                <div class="arrow_top"></div>
                <div class="arrow_bottom"></div>
            </div>
        </div>
    </div>
</div><div class="col-third offer-item">
    <div class="item bl_shadow product-241113 paldies-card  offer-2-l-sp-sku units-price        " data-product-id="241113" data-timeout="26" data-dates-interval="20.01. - 09.03.2026." tabindex="0" role="button">
                                                    <div class="discount price with-unit-price ">
                                                                            <div class="paldies-card-icon with-unit-price">
                        <img src="/images/front/icons/paldies2-icon.png" alt="Paldies">
                    </div>
                                                                
                    <div class="t1 with-unit-price paldies-card">
            <span class="value">1</span>
            <span class="cents">79</span>
            <span class="eur">€</span>
            <span class="unit-price">8.95 €/kg</span>
        </div>
                    <div class="t2">
                <span class="value">2,35</span>
                <span class="eur">€</span>
            </div>
            <div class="t3 with-unit-price">
                <span class="value">2</span>
                <span class="cents">35</span>
                <span class="eur">€</span>
                <span class="unit-price">11.75 €/kg</span>            </div>
            
    <span class="vline"></span>
</div>                    		
        
        
        <div class="tags tags_primary bottom_icons">
                                                            
                                <div data-alt="Atlaide ar PALDIES karti" class="tag tag-soap-2 " style="background-image: url('/uploads/sale/atlaide-ar-paldies-karti-7358.png');                     ">
                </div>
                                                                            
                                <div data-alt="Latvijas produkts" class="tag tag-soap-6 " style="background-image: url('/uploads/sale/latvijas-produkts-3559.png');                     ">
                </div>
                            
                    </div>
        <div class="tags tags_primary info_icon">
            
    <div data-alt="Preču piedāvājums atšķirīgs Maxima veikalos, ar aktuālo akcijas preču piedāvājumu aicinām iepazīties uz vietas veikalā!" class="tag i"></div>

        </div>

        <div class="info-notice">
            


                                                                            </div>

        <div class="img">
          <img alt="Kausētais siers DZINTARS ar barav.200g" src="/uploads/sale/2026/sales_page/01/02//kausetais-siers-dzintars-ar-barav-200g-00154-0119165630.png?1768834590">
        </div>
        <div class="text paldies-card      ">
            <div class="title">Kausētais siers DZINTARS ar barav.200g</div>
            <div class="pack">
                <span class="ptitle"></span>
                <span class="price"> 11.75 €/kg</span>
            </div>
                    </div>
        <div class="infopop">
            <div class="in"><span></span>
                <div class="arrow_top"></div>
                <div class="arrow_bottom"></div>
            </div>
        </div>
    </div>
</div><div class="col-third offer-item">
    <div class="item bl_shadow product-241114 paldies-card  offer-2-l-sp-sku units-price        " data-product-id="241114" data-timeout="26" data-dates-interval="13.01. - 09.03.2026." tabindex="0" role="button">
                                                    <div class="discount price with-unit-price ">
                                                                            <div class="paldies-card-icon with-unit-price">
                        <img src="/images/front/icons/paldies2-icon.png" alt="Paldies">
                    </div>
                                                                
                    <div class="t1 with-unit-price paldies-card">
            <span class="value">1</span>
            <span class="cents">19</span>
            <span class="eur">€</span>
            <span class="unit-price">3.13 €/kg</span>
        </div>
                    <div class="t2">
                <span class="value">1,39</span>
                <span class="eur">€</span>
            </div>
            <div class="t3 with-unit-price">
                <span class="value">1</span>
                <span class="cents">39</span>
                <span class="eur">€</span>
                <span class="unit-price">3.66 €/kg</span>            </div>
            
    <span class="vline"></span>
</div>                    		
        
        
        <div class="tags tags_primary bottom_icons">
                                                            
                                <div data-alt="Atlaide ar PALDIES karti" class="tag tag-soap-2 " style="background-image: url('/uploads/sale/atlaide-ar-paldies-karti-7358.png');                     ">
                </div>
                                                                            
                                <div data-alt="Latvijas produkts" class="tag tag-soap-6 " style="background-image: url('/uploads/sale/latvijas-produkts-3559.png');                     ">
                </div>
                            
                    </div>
        <div class="tags tags_primary info_icon">
            
    <div data-alt="Preču piedāvājums atšķirīgs Maxima veikalos, ar aktuālo akcijas preču piedāvājumu aicinām iepazīties uz vietas veikalā!" class="tag i"></div>

        </div>

        <div class="info-notice">
            


                                                                            </div>

        <div class="img">
          <img alt="Jogurts BALTAIS maizes ar žāv.aprik.380g" src="/uploads/sale/2026/sales_page/01/02//jogurts-baltais-maizes-ar-zav-aprik-380g-00155-0102115019.png?1767347419">
        </div>
        <div class="text paldies-card      ">
            <div class="title">Jogurts BALTAIS maizes ar žāv.aprik.380g</div>
            <div class="pack">
                <span class="ptitle"></span>
                <span class="price"> 3.66 €/kg</span>
            </div>
                    </div>
        <div class="infopop">
            <div class="in"><span></span>
                <div class="arrow_top"></div>
                <div class="arrow_bottom"></div>
            </div>
        </div>
    </div>
</div><div class="col-third offer-item">
    <div class="item bl_shadow product-241115 paldies-card  offer-2-l-sp-sku units-price        " data-product-id="241115" data-timeout="26" data-dates-interval="27.01. - 09.03.2026." tabindex="0" role="button">
                                                    <div class="discount price with-unit-price ">
                                                                            <div class="paldies-card-icon with-unit-price">
                        <img src="/images/front/icons/paldies2-icon.png" alt="Paldies">
                    </div>
                                
                    <div class="t1 with-unit-price paldies-card">
            <span class="value">0</span>
            <span class="cents">99</span>
            <span class="eur">€</span>
            <span class="unit-price">5.50 €/kg</span>
        </div>
                    <div class="t2">
                <span class="value">1,29</span>
                <span class="eur">€</span>
            </div>
            <div class="t3 with-unit-price">
                <span class="value">1</span>
                <span class="cents">29</span>
                <span class="eur">€</span>
                <span class="unit-price">7.17 €/kg</span>            </div>
            
    <span class="vline"></span>
</div>                    		
        
        
        <div class="tags tags_primary bottom_icons">
                                                            
                                <div data-alt="Atlaide ar PALDIES karti" class="tag tag-soap-2 " style="background-image: url('/uploads/sale/atlaide-ar-paldies-karti-7358.png');                     ">
                </div>
                            
                    </div>
        <div class="tags tags_primary info_icon">
            
    <div data-alt="Preču piedāvājums atšķirīgs Maxima veikalos, ar aktuālo akcijas preču piedāvājumu aicinām iepazīties uz vietas veikalā!" class="tag i"></div>

        </div>

        <div class="info-notice">
            


                                                </div>

        <div class="img">
          <img alt="Saldais biezpiens BALTAIS vaniļas 180g" src="/uploads/sale/2026/sales_page/01/02//saldais-biezpiens-baltais-vanilas-180g-00156-0102115020.png?1767347420">
        </div>
        <div class="text paldies-card      ">
            <div class="title">Saldais biezpiens BALTAIS vaniļas 180g</div>
            <div class="pack">
                <span class="ptitle"></span>
                <span class="price"> 7.17 €/kg</span>
            </div>
                    </div>
        <div class="infopop">
            <div class="in"><span></span>
                <div class="arrow_top"></div>
                <div class="arrow_bottom"></div>
            </div>
        </div>
    </div>
</div><div class="col-third offer-item">
    <div class="item bl_shadow product-241116 paldies-card  offer-2-l-sp-sku units-price        " data-product-id="241116" data-timeout="26" data-dates-interval="27.01. - 09.03.2026." tabindex="0" role="button">
                                                    <div class="discount price with-unit-price ">
                                                                            <div class="paldies-card-icon with-unit-price">
                        <img src="/images/front/icons/paldies2-icon.png" alt="Paldies">
                    </div>
                                
                    <div class="t1 with-unit-price paldies-card">
            <span class="value">0</span>
            <span class="cents">99</span>
            <span class="eur">€</span>
            <span class="unit-price">5.50 €/kg</span>
        </div>
                    <div class="t2">
                <span class="value">1,29</span>
                <span class="eur">€</span>
            </div>
            <div class="t3 with-unit-price">
                <span class="value">1</span>
                <span class="cents">29</span>
                <span class="eur">€</span>
                <span class="unit-price">7.17 €/kg</span>            </div>
            
    <span class="vline"></span>
</div>                    		
        
        
        <div class="tags tags_primary bottom_icons">
                                                            
                                <div data-alt="Atlaide ar PALDIES karti" class="tag tag-soap-2 " style="background-image: url('/uploads/sale/atlaide-ar-paldies-karti-7358.png');                     ">
                </div>
                            
                    </div>
        <div class="tags tags_primary info_icon">
            
    <div data-alt="Preču piedāvājums atšķirīgs Maxima veikalos, ar aktuālo akcijas preču piedāvājumu aicinām iepazīties uz vietas veikalā!" class="tag i"></div>

        </div>

        <div class="info-notice">
            


                                                </div>

        <div class="img">
          <img alt="Sald.biezpiens BALTAIS ar rozīnēm 180g" src="/uploads/sale/2026/sales_page/01/02//sald-biezpiens-baltais-ar-rozinem-180g-00157-0102115020.png?1767347420">
        </div>
        <div class="text paldies-card      ">
            <div class="title">Sald.biezpiens BALTAIS ar rozīnēm 180g</div>
            <div class="pack">
                <span class="ptitle"></span>
                <span class="price"> 7.17 €/kg</span>
            </div>
                    </div>
        <div class="infopop">
            <div class="in"><span></span>
                <div class="arrow_top"></div>
                <div class="arrow_bottom"></div>
            </div>
        </div>
    </div>
</div><div class="col-third offer-item">
    <div class="item bl_shadow product-241117 paldies-card  offer-2-l-sp-sku units-price        " data-product-id="241117" data-timeout="26" data-dates-interval="13.01. - 09.03.2026." tabindex="0" role="button">
                                                    <div class="discount price with-unit-price ">
                                                                            <div class="paldies-card-icon with-unit-price">
                        <img src="/images/front/icons/paldies2-icon.png" alt="Paldies">
                    </div>
                                                                
                    <div class="t1 with-unit-price paldies-card">
            <span class="value">1</span>
            <span class="cents">19</span>
            <span class="eur">€</span>
            <span class="unit-price">3.13 €/kg</span>
        </div>
                    <div class="t2">
                <span class="value">1,39</span>
                <span class="eur">€</span>
            </div>
            <div class="t3 with-unit-price">
                <span class="value">1</span>
                <span class="cents">39</span>
                <span class="eur">€</span>
                <span class="unit-price">3.66 €/kg</span>            </div>
            
    <span class="vline"></span>
</div>                    		
        
        
        <div class="tags tags_primary bottom_icons">
                                                            
                                <div data-alt="Atlaide ar PALDIES karti" class="tag tag-soap-2 " style="background-image: url('/uploads/sale/atlaide-ar-paldies-karti-7358.png');                     ">
                </div>
                                                                            
                                <div data-alt="Latvijas produkts" class="tag tag-soap-6 " style="background-image: url('/uploads/sale/latvijas-produkts-3559.png');                     ">
                </div>
                            
                    </div>
        <div class="tags tags_primary info_icon">
            
    <div data-alt="Preču piedāvājums atšķirīgs Maxima veikalos, ar aktuālo akcijas preču piedāvājumu aicinām iepazīties uz vietas veikalā!" class="tag i"></div>

        </div>

        <div class="info-notice">
            


                                                                            </div>

        <div class="img">
          <img alt="Jogurts BALTAIS ar musli 380g" src="/uploads/sale/2026/sales_page/01/02//jogurts-baltais-ar-musli-380g-00158-0102115020.png?1767347420">
        </div>
        <div class="text paldies-card      ">
            <div class="title">Jogurts BALTAIS ar musli 380g</div>
            <div class="pack">
                <span class="ptitle"></span>
                <span class="price"> 3.66 €/kg</span>
            </div>
                    </div>
        <div class="infopop">
            <div class="in"><span></span>
                <div class="arrow_top"></div>
                <div class="arrow_bottom"></div>
            </div>
        </div>
    </div>
</div><div class="col-third offer-item">
    <div class="item bl_shadow product-241118 paldies-card  offer-2-l-sp-sku units-price        " data-product-id="241118" data-timeout="26" data-dates-interval="27.01. - 09.03.2026." tabindex="0" role="button">
                                                    <div class="discount price with-unit-price ">
                                                                            <div class="paldies-card-icon with-unit-price">
                        <img src="/images/front/icons/paldies2-icon.png" alt="Paldies">
                    </div>
                                
                    <div class="t1 with-unit-price paldies-card">
            <span class="value">1</span>
            <span class="cents">39</span>
            <span class="eur">€</span>
            <span class="unit-price">7.72 €/kg</span>
        </div>
                    <div class="t2">
                <span class="value">2,69</span>
                <span class="eur">€</span>
            </div>
            <div class="t3 with-unit-price">
                <span class="value">2</span>
                <span class="cents">69</span>
                <span class="eur">€</span>
                <span class="unit-price">14.94 €/kg</span>            </div>
            
    <span class="vline"></span>
</div>                    		
        
        
        <div class="tags tags_primary bottom_icons">
                                                            
                                <div data-alt="Atlaide ar PALDIES karti" class="tag tag-soap-2 " style="background-image: url('/uploads/sale/atlaide-ar-paldies-karti-7358.png');                     ">
                </div>
                            
                    </div>
        <div class="tags tags_primary info_icon">
            
    <div data-alt="Preču piedāvājums atšķirīgs Maxima veikalos, ar aktuālo akcijas preču piedāvājumu aicinām iepazīties uz vietas veikalā!" class="tag i"></div>

        </div>

        <div class="info-notice">
            


                                                </div>

        <div class="img">
          <img alt="Sviests saldkrējuma RASA 82% 180g" src="/uploads/sale/2026/sales_page/01/02//sviests-saldkrejuma-rasa-82-180g-00159-0129103018.png?1769675418">
        </div>
        <div class="text paldies-card      ">
            <div class="title">Sviests saldkrējuma RASA 82% 180g</div>
            <div class="pack">
                <span class="ptitle"></span>
                <span class="price"> 14.94 €/kg</span>
            </div>
                    </div>
        <div class="infopop">
            <div class="in"><span></span>
                <div class="arrow_top"></div>
                <div class="arrow_bottom"></div>
            </div>
        </div>
    </div>
</div><div class="col-third offer-item">
    <div class="item bl_shadow product-241119 paldies-card  offer-2-l-sp-sku units-price        " data-product-id="241119" data-timeout="26" data-dates-interval="13.01. - 09.03.2026." tabindex="0" role="button">
                                                    <div class="discount price with-unit-price ">
                                                                            <div class="paldies-card-icon with-unit-price">
                        <img src="/images/front/icons/paldies2-icon.png" alt="Paldies">
                    </div>
                                
                    <div class="t1 with-unit-price paldies-card">
            <span class="value">0</span>
            <span class="cents">39</span>
            <span class="eur">€</span>
            <span class="unit-price">8.67 €/kg</span>
        </div>
                    <div class="t2">
                <span class="value">0,52</span>
                <span class="eur">€</span>
            </div>
            <div class="t3 with-unit-price">
                <span class="value">0</span>
                <span class="cents">52</span>
                <span class="eur">€</span>
                <span class="unit-price">11.56 €/kg</span>            </div>
            
    <span class="vline"></span>
</div>                    		
        
        
        <div class="tags tags_primary bottom_icons">
                                                            
                                <div data-alt="Atlaide ar PALDIES karti" class="tag tag-soap-2 " style="background-image: url('/uploads/sale/atlaide-ar-paldies-karti-7358.png');                     ">
                </div>
                            
                    </div>
        <div class="tags tags_primary info_icon">
            
    <div data-alt="Preču piedāvājums atšķirīgs Maxima veikalos, ar aktuālo akcijas preču piedāvājumu aicinām iepazīties uz vietas veikalā!" class="tag i"></div>

        </div>

        <div class="info-notice">
            


                                                </div>

        <div class="img">
          <img alt="Biezpiena sieriņš KĀRUMS citronu 45g" src="/uploads/sale/2026/sales_page/01/02//biezpiena-sierins-karums-citronu-45g-00160-0102115020.png?1767347420">
        </div>
        <div class="text paldies-card      ">
            <div class="title">Biezpiena sieriņš KĀRUMS citronu 45g</div>
            <div class="pack">
                <span class="ptitle"></span>
                <span class="price"> 11.56 €/kg</span>
            </div>
                    </div>
        <div class="infopop">
            <div class="in"><span></span>
                <div class="arrow_top"></div>
                <div class="arrow_bottom"></div>
            </div>
        </div>
    </div>
</div><div class="col-third offer-item">
    <div class="item bl_shadow product-241093 paldies-card  offer-2-l-sp-sku units-price        " data-product-id="241093" data-timeout="26" data-dates-interval="13.01. - 09.03.2026." tabindex="0" role="button">
                                                    <div class="discount price with-unit-price ">
                                                                            <div class="paldies-card-icon with-unit-price">
                        <img src="/images/front/icons/paldies2-icon.png" alt="Paldies">
                    </div>
                                                                
                    <div class="t1 with-unit-price paldies-card">
            <span class="value">1</span>
            <span class="cents">29</span>
            <span class="eur">€</span>
            <span class="unit-price">1.29 €/kg</span>
        </div>
                    <div class="t2">
                <span class="value">1,55</span>
                <span class="eur">€</span>
            </div>
            <div class="t3 with-unit-price">
                <span class="value">1</span>
                <span class="cents">55</span>
                <span class="eur">€</span>
                <span class="unit-price">1.55 €/kg</span>            </div>
            
    <span class="vline"></span>
</div>                    		
        
        
        <div class="tags tags_primary bottom_icons">
                                                            
                                <div data-alt="Atlaide ar PALDIES karti" class="tag tag-soap-2 " style="background-image: url('/uploads/sale/atlaide-ar-paldies-karti-7358.png');                     ">
                </div>
                                                                            
                                <div data-alt="Latvijas produkts" class="tag tag-soap-6 " style="background-image: url('/uploads/sale/latvijas-produkts-3559.png');                     ">
                </div>
                            
                    </div>
        <div class="tags tags_primary info_icon">
            
    <div data-alt="Preču piedāvājums atšķirīgs Maxima veikalos, ar aktuālo akcijas preču piedāvājumu aicinām iepazīties uz vietas veikalā!" class="tag i"></div>

        </div>

        <div class="info-notice">
            


                                                                            </div>

        <div class="img">
          <img alt="Kefīrs LAZDONAS PIENS 3,2% 1kg pudelē" src="/uploads/sale/2026/sales_page/01/02//kefirs-lazdonas-piens-3-2-1kg-pudele-00161-0102115017.png?1767347417">
        </div>
        <div class="text paldies-card      ">
            <div class="title">Kefīrs LAZDONAS PIENS 3,2% 1kg pudelē</div>
            <div class="pack">
                <span class="ptitle"></span>
                <span class="price"> 1.55 €/kg</span>
            </div>
                    </div>
        <div class="infopop">
            <div class="in"><span></span>
                <div class="arrow_top"></div>
                <div class="arrow_bottom"></div>
            </div>
        </div>
    </div>
</div><div class="col-third offer-item">
    <div class="item bl_shadow product-241094 paldies-card  offer-2-l-sp-sku units-price        " data-product-id="241094" data-timeout="26" data-dates-interval="13.01. - 09.03.2026." tabindex="0" role="button">
                                                    <div class="discount price with-unit-price ">
                                                                            <div class="paldies-card-icon with-unit-price">
                        <img src="/images/front/icons/paldies2-icon.png" alt="Paldies">
                    </div>
                                                                
                    <div class="t1 with-unit-price paldies-card">
            <span class="value">1</span>
            <span class="cents">29</span>
            <span class="eur">€</span>
            <span class="unit-price">1.29 €/kg</span>
        </div>
                    <div class="t2">
                <span class="value">1,55</span>
                <span class="eur">€</span>
            </div>
            <div class="t3 with-unit-price">
                <span class="value">1</span>
                <span class="cents">55</span>
                <span class="eur">€</span>
                <span class="unit-price">1.55 €/kg</span>            </div>
            
    <span class="vline"></span>
</div>                    		
        
        
        <div class="tags tags_primary bottom_icons">
                                                            
                                <div data-alt="Atlaide ar PALDIES karti" class="tag tag-soap-2 " style="background-image: url('/uploads/sale/atlaide-ar-paldies-karti-7358.png');                     ">
                </div>
                                                                            
                                <div data-alt="Latvijas produkts" class="tag tag-soap-6 " style="background-image: url('/uploads/sale/latvijas-produkts-3559.png');                     ">
                </div>
                            
                    </div>
        <div class="tags tags_primary info_icon">
            
    <div data-alt="Preču piedāvājums atšķirīgs Maxima veikalos, ar aktuālo akcijas preču piedāvājumu aicinām iepazīties uz vietas veikalā!" class="tag i"></div>

        </div>

        <div class="info-notice">
            


                                                                            </div>

        <div class="img">
          <img alt="Kefīrs LAZDONAS PIENS 3,2% 1kg pudelē" src="/uploads/sale/2026/sales_page/01/02//kefirs-lazdonas-piens-3-2-1kg-pudele-00161-0102115017.png?1767347417">
        </div>
        <div class="text paldies-card      ">
            <div class="title">Kefīrs LAZDONAS PIENS 3,2% 1kg pudelē</div>
            <div class="pack">
                <span class="ptitle"></span>
                <span class="price"> 1.55 €/kg</span>
            </div>
                    </div>
        <div class="infopop">
            <div class="in"><span></span>
                <div class="arrow_top"></div>
                <div class="arrow_bottom"></div>
            </div>
        </div>
    </div>
</div><div class="col-third offer-item">
    <div class="item bl_shadow product-241107 paldies-card  offer-2-l-sp-sku units-price        " data-product-id="241107" data-timeout="26" data-dates-interval="13.01. - 09.03.2026." tabindex="0" role="button">
                                                    <div class="discount price with-unit-price ">
                                                                            <div class="paldies-card-icon with-unit-price">
                        <img src="/images/front/icons/paldies2-icon.png" alt="Paldies">
                    </div>
                                                                
                    <div class="t1 with-unit-price paldies-card">
            <span class="value">1</span>
            <span class="cents">59</span>
            <span class="eur">€</span>
            <span class="unit-price">5.78 €/kg</span>
        </div>
                    <div class="t2">
                <span class="value">1,99</span>
                <span class="eur">€</span>
            </div>
            <div class="t3 with-unit-price">
                <span class="value">1</span>
                <span class="cents">99</span>
                <span class="eur">€</span>
                <span class="unit-price">7.24 €/kg</span>            </div>
            
    <span class="vline"></span>
</div>                    		
        
        
        <div class="tags tags_primary bottom_icons">
                                                            
                                <div data-alt="Atlaide ar PALDIES karti" class="tag tag-soap-2 " style="background-image: url('/uploads/sale/atlaide-ar-paldies-karti-7358.png');                     ">
                </div>
                                                                            
                                <div data-alt="Latvijas produkts" class="tag tag-soap-6 " style="background-image: url('/uploads/sale/latvijas-produkts-3559.png');                     ">
                </div>
                            
                    </div>
        <div class="tags tags_primary info_icon">
            
    <div data-alt="Preču piedāvājums atšķirīgs Maxima veikalos, ar aktuālo akcijas preču piedāvājumu aicinām iepazīties uz vietas veikalā!" class="tag i"></div>

        </div>

        <div class="info-notice">
            


                                                                            </div>

        <div class="img">
          <img alt="Biezpiens JAUNPILS vājpiena 0,5% 275g" src="/uploads/sale/2026/sales_page/01/02//biezpiens-jaunpils-vajpiena-0-5-275g-00148-0102115019.png?1767347419">
        </div>
        <div class="text paldies-card      ">
            <div class="title">Biezpiens JAUNPILS vājpiena 0,5% 275g</div>
            <div class="pack">
                <span class="ptitle"></span>
                <span class="price"> 7.24 €/kg</span>
            </div>
                    </div>
        <div class="infopop">
            <div class="in"><span></span>
                <div class="arrow_top"></div>
                <div class="arrow_bottom"></div>
            </div>
        </div>
    </div>
</div><div class="col-third offer-item">
    <div class="item bl_shadow product-241108 paldies-card  offer-2-l-sp-sku units-price        " data-product-id="241108" data-timeout="26" data-dates-interval="13.01. - 09.03.2026." tabindex="0" role="button">
                                                    <div class="discount price with-unit-price ">
                                                                            <div class="paldies-card-icon with-unit-price">
                        <img src="/images/front/icons/paldies2-icon.png" alt="Paldies">
                    </div>
                                
                    <div class="t1 with-unit-price paldies-card">
            <span class="value">1</span>
            <span class="cents">99</span>
            <span class="eur">€</span>
            <span class="unit-price">19.90 €/kg</span>
        </div>
                    <div class="t2">
                <span class="value">2,59</span>
                <span class="eur">€</span>
            </div>
            <div class="t3 with-unit-price">
                <span class="value">2</span>
                <span class="cents">59</span>
                <span class="eur">€</span>
                <span class="unit-price">25.90 €/kg</span>            </div>
            
    <span class="vline"></span>
</div>                    		
        
        
        <div class="tags tags_primary bottom_icons">
                                                            
                                <div data-alt="Atlaide ar PALDIES karti" class="tag tag-soap-2 " style="background-image: url('/uploads/sale/atlaide-ar-paldies-karti-7358.png');                     ">
                </div>
                            
                    </div>
        <div class="tags tags_primary info_icon">
            
    <div data-alt="Preču piedāvājums atšķirīgs Maxima veikalos, ar aktuālo akcijas preču piedāvājumu aicinām iepazīties uz vietas veikalā!" class="tag i"></div>

        </div>

        <div class="info-notice">
            


                                                </div>

        <div class="img">
          <img alt="Kazas siers šķēlītēs GOAT FARM 100g" src="/uploads/sale/2026/sales_page/01/02//kazas-siers-skelites-goat-farm-100g-00149-0102115019.png?1767347419">
        </div>
        <div class="text paldies-card      ">
            <div class="title">Kazas siers šķēlītēs GOAT FARM 100g</div>
            <div class="pack">
                <span class="ptitle"></span>
                <span class="price"> 25.90 €/kg</span>
            </div>
                    </div>
        <div class="infopop">
            <div class="in"><span></span>
                <div class="arrow_top"></div>
                <div class="arrow_bottom"></div>
            </div>
        </div>
    </div>
</div><div class="col-third offer-item">
    <div class="item bl_shadow product-241109 paldies-card  offer-2-l-sp-sku units-price        " data-product-id="241109" data-timeout="26" data-dates-interval="13.01. - 09.03.2026." tabindex="0" role="button">
                                                    <div class="discount price with-unit-price ">
                                                                            <div class="paldies-card-icon with-unit-price">
                        <img src="/images/front/icons/paldies2-icon.png" alt="Paldies">
                    </div>
                                
                    <div class="t1 with-unit-price paldies-card">
            <span class="value">1</span>
            <span class="cents">19</span>
            <span class="eur">€</span>
            <span class="unit-price">6.61 €/kg</span>
        </div>
                    <div class="t2">
                <span class="value">1,45</span>
                <span class="eur">€</span>
            </div>
            <div class="t3 with-unit-price">
                <span class="value">1</span>
                <span class="cents">45</span>
                <span class="eur">€</span>
                <span class="unit-price">8.06 €/kg</span>            </div>
            
    <span class="vline"></span>
</div>                    		
        
        
        <div class="tags tags_primary bottom_icons">
                                                            
                                <div data-alt="Atlaide ar PALDIES karti" class="tag tag-soap-2 " style="background-image: url('/uploads/sale/atlaide-ar-paldies-karti-7358.png');                     ">
                </div>
                            
                    </div>
        <div class="tags tags_primary info_icon">
            
    <div data-alt="Preču piedāvājums atšķirīgs Maxima veikalos, ar aktuālo akcijas preču piedāvājumu aicinām iepazīties uz vietas veikalā!" class="tag i"></div>

        </div>

        <div class="info-notice">
            


                                                </div>

        <div class="img">
          <img alt="Graudainais biezpiens ANNELE 7% 180g" src="/uploads/sale/2026/sales_page/01/02//graudainais-biezpiens-annele-7-180g-00150-0102115019.png?1767347419">
        </div>
        <div class="text paldies-card      ">
            <div class="title">Graudainais biezpiens ANNELE 7% 180g</div>
            <div class="pack">
                <span class="ptitle"></span>
                <span class="price"> 8.06 €/kg</span>
            </div>
                    </div>
        <div class="infopop">
            <div class="in"><span></span>
                <div class="arrow_top"></div>
                <div class="arrow_bottom"></div>
            </div>
        </div>
    </div>
</div><div class="col-third offer-item">
    <div class="item bl_shadow product-241110 paldies-card  offer-2-l-sp-sku units-price        " data-product-id="241110" data-timeout="26" data-dates-interval="13.01. - 09.03.2026." tabindex="0" role="button">
                                                    <div class="discount price with-unit-price ">
                                                                            <div class="paldies-card-icon with-unit-price">
                        <img src="/images/front/icons/paldies2-icon.png" alt="Paldies">
                    </div>
                                                                
                    <div class="t1 with-unit-price paldies-card">
            <span class="value">4</span>
            <span class="cents">49</span>
            <span class="eur">€</span>
            <span class="unit-price">3.74 €/kg</span>
        </div>
                    <div class="t2">
                <span class="value">5,99</span>
                <span class="eur">€</span>
            </div>
            <div class="t3 with-unit-price">
                <span class="value">5</span>
                <span class="cents">99</span>
                <span class="eur">€</span>
                <span class="unit-price">4.99 €/kg</span>            </div>
            
    <span class="vline"></span>
</div>                    		
        
        
        <div class="tags tags_primary bottom_icons">
                                                            
                                <div data-alt="Atlaide ar PALDIES karti" class="tag tag-soap-2 " style="background-image: url('/uploads/sale/atlaide-ar-paldies-karti-7358.png');                     ">
                </div>
                                                                            
                                <div data-alt="Latvijas produkts" class="tag tag-soap-6 " style="background-image: url('/uploads/sale/latvijas-produkts-3559.png');                     ">
                </div>
                            
                    </div>
        <div class="tags tags_primary info_icon">
            
    <div data-alt="Preču piedāvājums atšķirīgs Maxima veikalos, ar aktuālo akcijas preču piedāvājumu aicinām iepazīties uz vietas veikalā!" class="tag i"></div>

        </div>

        <div class="info-notice">
            


                                                                            </div>

        <div class="img">
          <img alt="Jog.dzēr. ACTIMEL zem.kaz.mell. 12x100g" src="/uploads/sale/2026/sales_page/01/02//jog-dzer-actimel-zem-kaz-mell-12x100g-00151-0102115019.png?1767347419">
        </div>
        <div class="text paldies-card      ">
            <div class="title">Jog.dzēr. ACTIMEL zem.kaz.mell. 12x100g</div>
            <div class="pack">
                <span class="ptitle"></span>
                <span class="price"> 4.99 €/kg</span>
            </div>
                    </div>
        <div class="infopop">
            <div class="in"><span></span>
                <div class="arrow_top"></div>
                <div class="arrow_bottom"></div>
            </div>
        </div>
    </div>
</div><div class="col-third offer-item">
    <div class="item bl_shadow product-241111 paldies-card  offer-2-l-sp-sku units-price        " data-product-id="241111" data-timeout="26" data-dates-interval="13.01. - 09.03.2026." tabindex="0" role="button">
                                                    <div class="discount price with-unit-price ">
                                                                            <div class="paldies-card-icon with-unit-price">
                        <img src="/images/front/icons/paldies2-icon.png" alt="Paldies">
                    </div>
                                                                
                    <div class="t1 with-unit-price paldies-card">
            <span class="value">1</span>
            <span class="cents">39</span>
            <span class="eur">€</span>
            <span class="unit-price">3.09 €/kg</span>
        </div>
                    <div class="t2">
                <span class="value">1,79</span>
                <span class="eur">€</span>
            </div>
            <div class="t3 with-unit-price">
                <span class="value">1</span>
                <span class="cents">79</span>
                <span class="eur">€</span>
                <span class="unit-price">3.98 €/kg</span>            </div>
            
    <span class="vline"></span>
</div>                    		
        
        
        <div class="tags tags_primary bottom_icons">
                                                            
                                <div data-alt="Atlaide ar PALDIES karti" class="tag tag-soap-2 " style="background-image: url('/uploads/sale/atlaide-ar-paldies-karti-7358.png');                     ">
                </div>
                                                                            
                                <div data-alt="Latvijas produkts" class="tag tag-soap-6 " style="background-image: url('/uploads/sale/latvijas-produkts-3559.png');                     ">
                </div>
                            
                    </div>
        <div class="tags tags_primary info_icon">
            
    <div data-alt="Preču piedāvājums atšķirīgs Maxima veikalos, ar aktuālo akcijas preču piedāvājumu aicinām iepazīties uz vietas veikalā!" class="tag i"></div>

        </div>

        <div class="info-notice">
            


                                                                            </div>

        <div class="img">
          <img alt="Raudz.piena prod.LAKTO klasisk.450g" src="/uploads/sale/2026/sales_page/01/02//raudz-piena-prod-lakto-klasisk-450g-00152-0102115019.png?1767347419">
        </div>
        <div class="text paldies-card      ">
            <div class="title">Raudz.piena prod.LAKTO klasisk.450g</div>
            <div class="pack">
                <span class="ptitle"></span>
                <span class="price"> 3.98 €/kg</span>
            </div>
                    </div>
        <div class="infopop">
            <div class="in"><span></span>
                <div class="arrow_top"></div>
                <div class="arrow_bottom"></div>
            </div>
        </div>
    </div>
</div><div class="col-third offer-item">
    <div class="item bl_shadow product-241112 paldies-card  offer-2-l-sp-sku units-price        " data-product-id="241112" data-timeout="26" data-dates-interval="13.01. - 09.03.2026." tabindex="0" role="button">
                                                    <div class="discount price with-unit-price ">
                                                                            <div class="paldies-card-icon with-unit-price">
                        <img src="/images/front/icons/paldies2-icon.png" alt="Paldies">
                    </div>
                                                                
                    <div class="t1 with-unit-price paldies-card">
            <span class="value">1</span>
            <span class="cents">39</span>
            <span class="eur">€</span>
            <span class="unit-price">3.09 €/kg</span>
        </div>
                    <div class="t2">
                <span class="value">1,79</span>
                <span class="eur">€</span>
            </div>
            <div class="t3 with-unit-price">
                <span class="value">1</span>
                <span class="cents">79</span>
                <span class="eur">€</span>
                <span class="unit-price">3.98 €/kg</span>            </div>
            
    <span class="vline"></span>
</div>                    		
        
        
        <div class="tags tags_primary bottom_icons">
                                                            
                                <div data-alt="Atlaide ar PALDIES karti" class="tag tag-soap-2 " style="background-image: url('/uploads/sale/atlaide-ar-paldies-karti-7358.png');                     ">
                </div>
                                                                            
                                <div data-alt="Latvijas produkts" class="tag tag-soap-6 " style="background-image: url('/uploads/sale/latvijas-produkts-3559.png');                     ">
                </div>
                            
                    </div>
        <div class="tags tags_primary info_icon">
            
    <div data-alt="Preču piedāvājums atšķirīgs Maxima veikalos, ar aktuālo akcijas preču piedāvājumu aicinām iepazīties uz vietas veikalā!" class="tag i"></div>

        </div>

        <div class="info-notice">
            


                                                                            </div>

        <div class="img">
          <img alt="Raudz.piena prod.LAKTO smiltsērk.450g" src="/uploads/sale/2026/sales_page/01/02//raudz-piena-prod-lakto-smiltserk-450g-00153-0102115019.png?1767347419">
        </div>
        <div class="text paldies-card      ">
            <div class="title">Raudz.piena prod.LAKTO smiltsērk.450g</div>
            <div class="pack">
                <span class="ptitle"></span>
                <span class="price"> 3.98 €/kg</span>
            </div>
                    </div>
        <div class="infopop">
            <div class="in"><span></span>
                <div class="arrow_top"></div>
                <div class="arrow_bottom"></div>
            </div>
        </div>
    </div>
</div><div class="col-third offer-item">
    <div class="item bl_shadow product-241113 paldies-card  offer-2-l-sp-sku units-price        " data-product-id="241113" data-timeout="26" data-dates-interval="20.01. - 09.03.2026." tabindex="0" role="button">
                                                    <div class="discount price with-unit-price ">
                                                                            <div class="paldies-card-icon with-unit-price">
                        <img src="/images/front/icons/paldies2-icon.png" alt="Paldies">
                    </div>
                                                                
                    <div class="t1 with-unit-price paldies-card">
            <span class="value">1</span>
            <span class="cents">79</span>
            <span class="eur">€</span>
            <span class="unit-price">8.95 €/kg</span>
        </div>
                    <div class="t2">
                <span class="value">2,35</span>
                <span class="eur">€</span>
            </div>
            <div class="t3 with-unit-price">
                <span class="value">2</span>
                <span class="cents">35</span>
                <span class="eur">€</span>
                <span class="unit-price">11.75 €/kg</span>            </div>
            
    <span class="vline"></span>
</div>                    		
        
        
        <div class="tags tags_primary bottom_icons">
                                                            
                                <div data-alt="Atlaide ar PALDIES karti" class="tag tag-soap-2 " style="background-image: url('/uploads/sale/atlaide-ar-paldies-karti-7358.png');                     ">
                </div>
                                                                            
                                <div data-alt="Latvijas produkts" class="tag tag-soap-6 " style="background-image: url('/uploads/sale/latvijas-produkts-3559.png');                     ">
                </div>
                            
                    </div>
        <div class="tags tags_primary info_icon">
            
    <div data-alt="Preču piedāvājums atšķirīgs Maxima veikalos, ar aktuālo akcijas preču piedāvājumu aicinām iepazīties uz vietas veikalā!" class="tag i"></div>

        </div>

        <div class="info-notice">
            


                                                                            </div>

        <div class="img">
          <img alt="Kausētais siers DZINTARS ar barav.200g" src="/uploads/sale/2026/sales_page/01/02//kausetais-siers-dzintars-ar-barav-200g-00154-0119165630.png?1768834590">
        </div>
        <div class="text paldies-card      ">
            <div class="title">Kausētais siers DZINTARS ar barav.200g</div>
            <div class="pack">
                <span class="ptitle"></span>
                <span class="price"> 11.75 €/kg</span>
            </div>
                    </div>
        <div class="infopop">
            <div class="in"><span></span>
                <div class="arrow_top"></div>
                <div class="arrow_bottom"></div>
            </div>
        </div>
    </div>
</div><div class="col-third offer-item">
    <div class="item bl_shadow product-241114 paldies-card  offer-2-l-sp-sku units-price        " data-product-id="241114" data-timeout="26" data-dates-interval="13.01. - 09.03.2026." tabindex="0" role="button">
                                                    <div class="discount price with-unit-price ">
                                                                            <div class="paldies-card-icon with-unit-price">
                        <img src="/images/front/icons/paldies2-icon.png" alt="Paldies">
                    </div>
                                                                
                    <div class="t1 with-unit-price paldies-card">
            <span class="value">1</span>
            <span class="cents">19</span>
            <span class="eur">€</span>
            <span class="unit-price">3.13 €/kg</span>
        </div>
                    <div class="t2">
                <span class="value">1,39</span>
                <span class="eur">€</span>
            </div>
            <div class="t3 with-unit-price">
                <span class="value">1</span>
                <span class="cents">39</span>
                <span class="eur">€</span>
                <span class="unit-price">3.66 €/kg</span>            </div>
            
    <span class="vline"></span>
</div>                    		
        
        
        <div class="tags tags_primary bottom_icons">
                                                            
                                <div data-alt="Atlaide ar PALDIES karti" class="tag tag-soap-2 " style="background-image: url('/uploads/sale/atlaide-ar-paldies-karti-7358.png');                     ">
                </div>
                                                                            
                                <div data-alt="Latvijas produkts" class="tag tag-soap-6 " style="background-image: url('/uploads/sale/latvijas-produkts-3559.png');                     ">
                </div>
                            
                    </div>
        <div class="tags tags_primary info_icon">
            
    <div data-alt="Preču piedāvājums atšķirīgs Maxima veikalos, ar aktuālo akcijas preču piedāvājumu aicinām iepazīties uz vietas veikalā!" class="tag i"></div>

        </div>

        <div class="info-notice">
            


                                                                            </div>

        <div class="img">
          <img alt="Jogurts BALTAIS maizes ar žāv.aprik.380g" src="/uploads/sale/2026/sales_page/01/02//jogurts-baltais-maizes-ar-zav-aprik-380g-00155-0102115019.png?1767347419">
        </div>
        <div class="text paldies-card      ">
            <div class="title">Jogurts BALTAIS maizes ar žāv.aprik.380g</div>
            <div class="pack">
                <span class="ptitle"></span>
                <span class="price"> 3.66 €/kg</span>
            </div>
                    </div>
        <div class="infopop">
            <div class="in"><span></span>
                <div class="arrow_top"></div>
                <div class="arrow_bottom"></div>
            </div>
        </div>
    </div>
</div><div class="col-third offer-item">
    <div class="item bl_shadow product-241115 paldies-card  offer-2-l-sp-sku units-price        " data-product-id="241115" data-timeout="26" data-dates-interval="27.01. - 09.03.2026." tabindex="0" role="button">
                                                    <div class="discount price with-unit-price ">
                                                                            <div class="paldies-card-icon with-unit-price">
                        <img src="/images/front/icons/paldies2-icon.png" alt="Paldies">
                    </div>
                                
                    <div class="t1 with-unit-price paldies-card">
            <span class="value">0</span>
            <span class="cents">99</span>
            <span class="eur">€</span>
            <span class="unit-price">5.50 €/kg</span>
        </div>
                    <div class="t2">
                <span class="value">1,29</span>
                <span class="eur">€</span>
            </div>
            <div class="t3 with-unit-price">
                <span class="value">1</span>
                <span class="cents">29</span>
                <span class="eur">€</span>
                <span class="unit-price">7.17 €/kg</span>            </div>
            
    <span class="vline"></span>
</div>                    		
        
        
        <div class="tags tags_primary bottom_icons">
                                                            
                                <div data-alt="Atlaide ar PALDIES karti" class="tag tag-soap-2 " style="background-image: url('/uploads/sale/atlaide-ar-paldies-karti-7358.png');                     ">
                </div>
                            
                    </div>
        <div class="tags tags_primary info_icon">
            
    <div data-alt="Preču piedāvājums atšķirīgs Maxima veikalos, ar aktuālo akcijas preču piedāvājumu aicinām iepazīties uz vietas veikalā!" class="tag i"></div>

        </div>

        <div class="info-notice">
            


                                                </div>

        <div class="img">
          <img alt="Saldais biezpiens BALTAIS vaniļas 180g" src="/uploads/sale/2026/sales_page/01/02//saldais-biezpiens-baltais-vanilas-180g-00156-0102115020.png?1767347420">
        </div>
        <div class="text paldies-card      ">
            <div class="title">Saldais biezpiens BALTAIS vaniļas 180g</div>
            <div class="pack">
                <span class="ptitle"></span>
                <span class="price"> 7.17 €/kg</span>
            </div>
                    </div>
        <div class="infopop">
            <div class="in"><span></span>
                <div class="arrow_top"></div>
                <div class="arrow_bottom"></div>
            </div>
        </div>
    </div>
</div><div class="col-third offer-item">
    <div class="item bl_shadow product-241116 paldies-card  offer-2-l-sp-sku units-price        " data-product-id="241116" data-timeout="26" data-dates-interval="27.01. - 09.03.2026." tabindex="0" role="button">
                                                    <div class="discount price with-unit-price ">
                                                                            <div class="paldies-card-icon with-unit-price">
                        <img src="/images/front/icons/paldies2-icon.png" alt="Paldies">
                    </div>
                                
                    <div class="t1 with-unit-price paldies-card">
            <span class="value">0</span>
            <span class="cents">99</span>
            <span class="eur">€</span>
            <span class="unit-price">5.50 €/kg</span>
        </div>
                    <div class="t2">
                <span class="value">1,29</span>
                <span class="eur">€</span>
            </div>
            <div class="t3 with-unit-price">
                <span class="value">1</span>
                <span class="cents">29</span>
                <span class="eur">€</span>
                <span class="unit-price">7.17 €/kg</span>            </div>
            
    <span class="vline"></span>
</div>                    		
        
        
        <div class="tags tags_primary bottom_icons">
                                                            
                                <div data-alt="Atlaide ar PALDIES karti" class="tag tag-soap-2 " style="background-image: url('/uploads/sale/atlaide-ar-paldies-karti-7358.png');                     ">
                </div>
                            
                    </div>
        <div class="tags tags_primary info_icon">
            
    <div data-alt="Preču piedāvājums atšķirīgs Maxima veikalos, ar aktuālo akcijas preču piedāvājumu aicinām iepazīties uz vietas veikalā!" class="tag i"></div>

        </div>

        <div class="info-notice">
            


                                                </div>

        <div class="img">
          <img alt="Sald.biezpiens BALTAIS ar rozīnēm 180g" src="/uploads/sale/2026/sales_page/01/02//sald-biezpiens-baltais-ar-rozinem-180g-00157-0102115020.png?1767347420">
        </div>
        <div class="text paldies-card      ">
            <div class="title">Sald.biezpiens BALTAIS ar rozīnēm 180g</div>
            <div class="pack">
                <span class="ptitle"></span>
                <span class="price"> 7.17 €/kg</span>
            </div>
                    </div>
        <div class="infopop">
            <div class="in"><span></span>
                <div class="arrow_top"></div>
                <div class="arrow_bottom"></div>
            </div>
        </div>
    </div>
</div><div class="col-third offer-item">
    <div class="item bl_shadow product-241117 paldies-card  offer-2-l-sp-sku units-price        " data-product-id="241117" data-timeout="26" data-dates-interval="13.01. - 09.03.2026." tabindex="0" role="button">
                                                    <div class="discount price with-unit-price ">
                                                                            <div class="paldies-card-icon with-unit-price">
                        <img src="/images/front/icons/paldies2-icon.png" alt="Paldies">
                    </div>
                                                                
                    <div class="t1 with-unit-price paldies-card">
            <span class="value">1</span>
            <span class="cents">19</span>
            <span class="eur">€</span>
            <span class="unit-price">3.13 €/kg</span>
        </div>
                    <div class="t2">
                <span class="value">1,39</span>
                <span class="eur">€</span>
            </div>
            <div class="t3 with-unit-price">
                <span class="value">1</span>
                <span class="cents">39</span>
                <span class="eur">€</span>
                <span class="unit-price">3.66 €/kg</span>            </div>
            
    <span class="vline"></span>
</div>                    		
        
        
        <div class="tags tags_primary bottom_icons">
                                                            
                                <div data-alt="Atlaide ar PALDIES karti" class="tag tag-soap-2 " style="background-image: url('/uploads/sale/atlaide-ar-paldies-karti-7358.png');                     ">
                </div>
                                                                            
                                <div data-alt="Latvijas produkts" class="tag tag-soap-6 " style="background-image: url('/uploads/sale/latvijas-produkts-3559.png');                     ">
                </div>
                            
                    </div>
        <div class="tags tags_primary info_icon">
            
    <div data-alt="Preču piedāvājums atšķirīgs Maxima veikalos, ar aktuālo akcijas preču piedāvājumu aicinām iepazīties uz vietas veikalā!" class="tag i"></div>

        </div>

        <div class="info-notice">
            


                                                                            </div>

        <div class="img">
          <img alt="Jogurts BALTAIS ar musli 380g" src="/uploads/sale/2026/sales_page/01/02//jogurts-baltais-ar-musli-380g-00158-0102115020.png?1767347420">
        </div>
        <div class="text paldies-card      ">
            <div class="title">Jogurts BALTAIS ar musli 380g</div>
            <div class="pack">
                <span class="ptitle"></span>
                <span class="price"> 3.66 €/kg</span>
            </div>
                    </div>
        <div class="infopop">
            <div class="in"><span></span>
                <div class="arrow_top"></div>
                <div class="arrow_bottom"></div>
            </div>
        </div>
    </div>
</div><div class="col-third offer-item">
    <div class="item bl_shadow product-241118 paldies-card  offer-2-l-sp-sku units-price        " data-product-id="241118" data-timeout="26" data-dates-interval="27.01. - 09.03.2026." tabindex="0" role="button">
                                                    <div class="discount price with-unit-price ">
                                                                            <div class="paldies-card-icon with-unit-price">
                        <img src="/images/front/icons/paldies2-icon.png" alt="Paldies">
                    </div>
                                
                    <div class="t1 with-unit-price paldies-card">
            <span class="value">1</span>
            <span class="cents">39</span>
            <span class="eur">€</span>
            <span class="unit-price">7.72 €/kg</span>
        </div>
                    <div class="t2">
                <span class="value">2,69</span>
                <span class="eur">€</span>
            </div>
            <div class="t3 with-unit-price">
                <span class="value">2</span>
                <span class="cents">69</span>
                <span class="eur">€</span>
                <span class="unit-price">14.94 €/kg</span>            </div>
            
    <span class="vline"></span>
</div>                    		
        
        
        <div class="tags tags_primary bottom_icons">
                                                            
                                <div data-alt="Atlaide ar PALDIES karti" class="tag tag-soap-2 " style="background-image: url('/uploads/sale/atlaide-ar-paldies-karti-7358.png');                     ">
                </div>
                            
                    </div>
        <div class="tags tags_primary info_icon">
            
    <div data-alt="Preču piedāvājums atšķirīgs Maxima veikalos, ar aktuālo akcijas preču piedāvājumu aicinām iepazīties uz vietas veikalā!" class="tag i"></div>

        </div>

        <div class="info-notice">
            


                                                </div>

        <div class="img">
          <img alt="Sviests saldkrējuma RASA 82% 180g" src="/uploads/sale/2026/sales_page/01/02//sviests-saldkrejuma-rasa-82-180g-00159-0129103018.png?1769675418">
        </div>
        <div class="text paldies-card      ">
            <div class="title">Sviests saldkrējuma RASA 82% 180g</div>
            <div class="pack">
                <span class="ptitle"></span>
                <span class="price"> 14.94 €/kg</span>
            </div>
                    </div>
        <div class="infopop">
            <div class="in"><span></span>
                <div class="arrow_top"></div>
                <div class="arrow_bottom"></div>
            </div>
        </div>
    </div>
</div><div class="col-third offer-item">
    <div class="item bl_shadow product-241119 paldies-card  offer-2-l-sp-sku units-price        " data-product-id="241119" data-timeout="26" data-dates-interval="13.01. - 09.03.2026." tabindex="0" role="button">
                                                    <div class="discount price with-unit-price ">
                                                                            <div class="paldies-card-icon with-unit-price">
                        <img src="/images/front/icons/paldies2-icon.png" alt="Paldies">
                    </div>
                                
                    <div class="t1 with-unit-price paldies-card">
            <span class="value">0</span>
            <span class="cents">39</span>
            <span class="eur">€</span>
            <span class="unit-price">8.67 €/kg</span>
        </div>
                    <div class="t2">
                <span class="value">0,52</span>
                <span class="eur">€</span>
            </div>
            <div class="t3 with-unit-price">
                <span class="value">0</span>
                <span class="cents">52</span>
                <span class="eur">€</span>
                <span class="unit-price">11.56 €/kg</span>            </div>
            
    <span class="vline"></span>
</div>                    		
        
        
        <div class="tags tags_primary bottom_icons">
                                                            
                                <div data-alt="Atlaide ar PALDIES karti" class="tag tag-soap-2 " style="background-image: url('/uploads/sale/atlaide-ar-paldies-karti-7358.png');                     ">
                </div>
                            
                    </div>
        <div class="tags tags_primary info_icon">
            
    <div data-alt="Preču piedāvājums atšķirīgs Maxima veikalos, ar aktuālo akcijas preču piedāvājumu aicinām iepazīties uz vietas veikalā!" class="tag i"></div>

        </div>

        <div class="info-notice">
            


                                                </div>

        <div class="img">
          <img alt="Biezpiena sieriņš KĀRUMS citronu 45g" src="/uploads/sale/2026/sales_page/01/02//biezpiena-sierins-karums-citronu-45g-00160-0102115020.png?1767347420">
        </div>
        <div class="text paldies-card      ">
            <div class="title">Biezpiena sieriņš KĀRUMS citronu 45g</div>
            <div class="pack">
                <span class="ptitle"></span>
                <span class="price"> 11.56 €/kg</span>
            </div>
                    </div>
        <div class="infopop">
            <div class="in"><span></span>
                <div class="arrow_top"></div>
                <div class="arrow_bottom"></div>
            </div>
        </div>
    </div>
</div><div class="col-third offer-item">
    <div class="item bl_shadow product-241093 paldies-card  offer-2-l-sp-sku units-price        " data-product-id="241093" data-timeout="26" data-dates-interval="13.01. - 09.03.2026." tabindex="0" role="button">
                                                    <div class="discount price with-unit-price ">
                                                                            <div class="paldies-card-icon with-unit-price">
                        <img src="/images/front/icons/paldies2-icon.png" alt="Paldies">
                    </div>
                                                                
                    <div class="t1 with-unit-price paldies-card">
            <span class="value">1</span>
            <span class="cents">29</span>
            <span class="eur">€</span>
            <span class="unit-price">1.29 €/kg</span>
        </div>
                    <div class="t2">
                <span class="value">1,55</span>
                <span class="eur">€</span>
            </div>
            <div class="t3 with-unit-price">
                <span class="value">1</span>
                <span class="cents">55</span>
                <span class="eur">€</span>
                <span class="unit-price">1.55 €/kg</span>            </div>
            
    <span class="vline"></span>
</div>                    		
        
        
        <div class="tags tags_primary bottom_icons">
                                                            
                                <div data-alt="Atlaide ar PALDIES karti" class="tag tag-soap-2 " style="background-image: url('/uploads/sale/atlaide-ar-paldies-karti-7358.png');                     ">
                </div>
                                                                            
                                <div data-alt="Latvijas produkts" class="tag tag-soap-6 " style="background-image: url('/uploads/sale/latvijas-produkts-3559.png');                     ">
                </div>
                            
                    </div>
        <div class="tags tags_primary info_icon">
            
    <div data-alt="Preču piedāvājums atšķirīgs Maxima veikalos, ar aktuālo akcijas preču piedāvājumu aicinām iepazīties uz vietas veikalā!" class="tag i"></div>

        </div>

        <div class="info-notice">
            


                                                                            </div>

        <div class="img">
          <img alt="Kefīrs LAZDONAS PIENS 3,2% 1kg pudelē" src="/uploads/sale/2026/sales_page/01/02//kefirs-lazdonas-piens-3-2-1kg-pudele-00161-0102115017.png?1767347417">
        </div>
        <div class="text paldies-card      ">
            <div class="title">Kefīrs LAZDONAS PIENS 3,2% 1kg pudelē</div>
            <div class="pack">
                <span class="ptitle"></span>
                <span class="price"> 1.55 €/kg</span>
            </div>
                    </div>
        <div class="infopop">
            <div class="in"><span></span>
                <div class="arrow_top"></div>
                <div class="arrow_bottom"></div>
            </div>
        </div>
    </div>
</div><div class="col-third offer-item">
    <div class="item bl_shadow product-241094 paldies-card  offer-2-l-sp-sku units-price        " data-product-id="241094" data-timeout="26" data-dates-interval="13.01. - 09.03.2026." tabindex="0" role="button">
                                                    <div class="discount price with-unit-price ">
                                                                            <div class="paldies-card-icon with-unit-price">
                        <img src="/images/front/icons/paldies2-icon.png" alt="Paldies">
                    </div>
                                                                
                    <div class="t1 with-unit-price paldies-card">
            <span class="value">1</span>
            <span class="cents">29</span>
            <span class="eur">€</span>
            <span class="unit-price">1.29 €/kg</span>
        </div>
                    <div class="t2">
                <span class="value">1,55</span>
                <span class="eur">€</span>
            </div>
            <div class="t3 with-unit-price">
                <span class="value">1</span>
                <span class="cents">55</span>
                <span class="eur">€</span>
                <span class="unit-price">1.55 €/kg</span>            </div>
            
    <span class="vline"></span>
</div>                    		
        
        
        <div class="tags tags_primary bottom_icons">
                                                            
                                <div data-alt="Atlaide ar PALDIES karti" class="tag tag-soap-2 " style="background-image: url('/uploads/sale/atlaide-ar-paldies-karti-7358.png');                     ">
                </div>
                                                                            
                                <div data-alt="Latvijas produkts" class="tag tag-soap-6 " style="background-image: url('/uploads/sale/latvijas-produkts-3559.png');                     ">
                </div>
                            
                    </div>
        <div class="tags tags_primary info_icon">
            
    <div data-alt="Preču piedāvājums atšķirīgs Maxima veikalos, ar aktuālo akcijas preču piedāvājumu aicinām iepazīties uz vietas veikalā!" class="tag i"></div>

        </div>

        <div class="info-notice">
            


                                                                            </div>

        <div class="img">
          <img alt="Kefīrs LAZDONAS PIENS 3,2% 1kg pudelē" src="/uploads/sale/2026/sales_page/01/02//kefirs-lazdonas-piens-3-2-1kg-pudele-00161-0102115017.png?1767347417">
        </div>
        <div class="text paldies-card      ">
            <div class="title">Kefīrs LAZDONAS PIENS 3,2% 1kg pudelē</div>
            <div class="pack">
                <span class="ptitle"></span>
                <span class="price"> 1.55 €/kg</span>
            </div>
                    </div>
        <div class="infopop">
            <div class="in"><span></span>
                <div class="arrow_top"></div>
                <div class="arrow_bottom"></div>
            </div>
        </div>
    </div>
</div><div class="col-third offer-item">
    <div class="item bl_shadow product-241107 paldies-card  offer-2-l-sp-sku units-price        " data-product-id="241107" data-timeout="26" data-dates-interval="13.01. - 09.03.2026." tabindex="0" role="button">
                                                    <div class="discount price with-unit-price ">
                                                                            <div class="paldies-card-icon with-unit-price">
                        <img src="/images/front/icons/paldies2-icon.png" alt="Paldies">
                    </div>
                                                                
                    <div class="t1 with-unit-price paldies-card">
            <span class="value">1</span>
            <span class="cents">59</span>
            <span class="eur">€</span>
            <span class="unit-price">5.78 €/kg</span>
        </div>
                    <div class="t2">
                <span class="value">1,99</span>
                <span class="eur">€</span>
            </div>
            <div class="t3 with-unit-price">
                <span class="value">1</span>
                <span class="cents">99</span>
                <span class="eur">€</span>
                <span class="unit-price">7.24 €/kg</span>            </div>
            
    <span class="vline"></span>
</div>                    		
        
        
        <div class="tags tags_primary bottom_icons">
                                                            
                                <div data-alt="Atlaide ar PALDIES karti" class="tag tag-soap-2 " style="background-image: url('/uploads/sale/atlaide-ar-paldies-karti-7358.png');                     ">
                </div>
                                                                            
                                <div data-alt="Latvijas produkts" class="tag tag-soap-6 " style="background-image: url('/uploads/sale/latvijas-produkts-3559.png');                     ">
                </div>
                            
                    </div>
        <div class="tags tags_primary info_icon">
            
    <div data-alt="Preču piedāvājums atšķirīgs Maxima veikalos, ar aktuālo akcijas preču piedāvājumu aicinām iepazīties uz vietas veikalā!" class="tag i"></div>

        </div>

        <div class="info-notice">
            


                                                                            </div>

        <div class="img">
          <img alt="Biezpiens JAUNPILS vājpiena 0,5% 275g" src="/uploads/sale/2026/sales_page/01/02//biezpiens-jaunpils-vajpiena-0-5-275g-00148-0102115019.png?1767347419">
        </div>
        <div class="text paldies-card      ">
            <div class="title">Biezpiens JAUNPILS vājpiena 0,5% 275g</div>
            <div class="pack">
                <span class="ptitle"></span>
                <span class="price"> 7.24 €/kg</span>
            </div>
                    </div>
        <div class="infopop">
            <div class="in"><span></span>
                <div class="arrow_top"></div>
                <div class="arrow_bottom"></div>
            </div>
        </div>
    </div>
</div><div class="col-third offer-item">
    <div class="item bl_shadow product-241108 paldies-card  offer-2-l-sp-sku units-price        " data-product-id="241108" data-timeout="26" data-dates-interval="13.01. - 09.03.2026." tabindex="0" role="button">
                                                    <div class="discount price with-unit-price ">
                                                                            <div class="paldies-card-icon with-unit-price">
                        <img src="/images/front/icons/paldies2-icon.png" alt="Paldies">
                    </div>
                                
                    <div class="t1 with-unit-price paldies-card">
            <span class="value">1</span>
            <span class="cents">99</span>
            <span class="eur">€</span>
            <span class="unit-price">19.90 €/kg</span>
        </div>
                    <div class="t2">
                <span class="value">2,59</span>
                <span class="eur">€</span>
            </div>
            <div class="t3 with-unit-price">
                <span class="value">2</span>
                <span class="cents">59</span>
                <span class="eur">€</span>
                <span class="unit-price">25.90 €/kg</span>            </div>
            
    <span class="vline"></span>
</div>                    		
        
        
        <div class="tags tags_primary bottom_icons">
                                                            
                                <div data-alt="Atlaide ar PALDIES karti" class="tag tag-soap-2 " style="background-image: url('/uploads/sale/atlaide-ar-paldies-karti-7358.png');                     ">
                </div>
                            
                    </div>
        <div class="tags tags_primary info_icon">
            
    <div data-alt="Preču piedāvājums atšķirīgs Maxima veikalos, ar aktuālo akcijas preču piedāvājumu aicinām iepazīties uz vietas veikalā!" class="tag i"></div>

        </div>

        <div class="info-notice">
            


                                                </div>

        <div class="img">
          <img alt="Kazas siers šķēlītēs GOAT FARM 100g" src="/uploads/sale/2026/sales_page/01/02//kazas-siers-skelites-goat-farm-100g-00149-0102115019.png?1767347419">
        </div>
        <div class="text paldies-card      ">
            <div class="title">Kazas siers šķēlītēs GOAT FARM 100g</div>
            <div class="pack">
                <span class="ptitle"></span>
                <span class="price"> 25.90 €/kg</span>
            </div>
                    </div>
        <div class="infopop">
            <div class="in"><span></span>
                <div class="arrow_top"></div>
                <div class="arrow_bottom"></div>
            </div>
        </div>
    </div>
</div><div class="col-third offer-item">
    <div class="item bl_shadow product-241109 paldies-card  offer-2-l-sp-sku units-price        " data-product-id="241109" data-timeout="26" data-dates-interval="13.01. - 09.03.2026." tabindex="0" role="button">
                                                    <div class="discount price with-unit-price ">
                                                                            <div class="paldies-card-icon with-unit-price">
                        <img src="/images/front/icons/paldies2-icon.png" alt="Paldies">
                    </div>
                                
                    <div class="t1 with-unit-price paldies-card">
            <span class="value">1</span>
            <span class="cents">19</span>
            <span class="eur">€</span>
            <span class="unit-price">6.61 €/kg</span>
        </div>
                    <div class="t2">
                <span class="value">1,45</span>
                <span class="eur">€</span>
            </div>
            <div class="t3 with-unit-price">
                <span class="value">1</span>
                <span class="cents">45</span>
                <span class="eur">€</span>
                <span class="unit-price">8.06 €/kg</span>            </div>
            
    <span class="vline"></span>
</div>                    		
        
        
        <div class="tags tags_primary bottom_icons">
                                                            
                                <div data-alt="Atlaide ar PALDIES karti" class="tag tag-soap-2 " style="background-image: url('/uploads/sale/atlaide-ar-paldies-karti-7358.png');                     ">
                </div>
                            
                    </div>
        <div class="tags tags_primary info_icon">
            
    <div data-alt="Preču piedāvājums atšķirīgs Maxima veikalos, ar aktuālo akcijas preču piedāvājumu aicinām iepazīties uz vietas veikalā!" class="tag i"></div>

        </div>

        <div class="info-notice">
            


                                                </div>

        <div class="img">
          <img alt="Graudainais biezpiens ANNELE 7% 180g" src="/uploads/sale/2026/sales_page/01/02//graudainais-biezpiens-annele-7-180g-00150-0102115019.png?1767347419">
        </div>
        <div class="text paldies-card      ">
            <div class="title">Graudainais biezpiens ANNELE 7% 180g</div>
            <div class="pack">
                <span class="ptitle"></span>
                <span class="price"> 8.06 €/kg</span>
            </div>
                    </div>
        <div class="infopop">
            <div class="in"><span></span>
                <div class="arrow_top"></div>
                <div class="arrow_bottom"></div>
            </div>
        </div>
    </div>
</div><div class="col-third offer-item">
    <div class="item bl_shadow product-241110 paldies-card  offer-2-l-sp-sku units-price        " data-product-id="241110" data-timeout="26" data-dates-interval="13.01. - 09.03.2026." tabindex="0" role="button">
                                                    <div class="discount price with-unit-price ">
                                                                            <div class="paldies-card-icon with-unit-price">
                        <img src="/images/front/icons/paldies2-icon.png" alt="Paldies">
                    </div>
                                                                
                    <div class="t1 with-unit-price paldies-card">
            <span class="value">4</span>
            <span class="cents">49</span>
            <span class="eur">€</span>
            <span class="unit-price">3.74 €/kg</span>
        </div>
                    <div class="t2">
                <span class="value">5,99</span>
                <span class="eur">€</span>
            </div>
            <div class="t3 with-unit-price">
                <span class="value">5</span>
                <span class="cents">99</span>
                <span class="eur">€</span>
                <span class="unit-price">4.99 €/kg</span>            </div>
            
    <span class="vline"></span>
</div>                    		
        
        
        <div class="tags tags_primary bottom_icons">
                                                            
                                <div data-alt="Atlaide ar PALDIES karti" class="tag tag-soap-2 " style="background-image: url('/uploads/sale/atlaide-ar-paldies-karti-7358.png');                     ">
                </div>
                                                                            
                                <div data-alt="Latvijas produkts" class="tag tag-soap-6 " style="background-image: url('/uploads/sale/latvijas-produkts-3559.png');                     ">
                </div>
                            
                    </div>
        <div class="tags tags_primary info_icon">
            
    <div data-alt="Preču piedāvājums atšķirīgs Maxima veikalos, ar aktuālo akcijas preču piedāvājumu aicinām iepazīties uz vietas veikalā!" class="tag i"></div>

        </div>

        <div class="info-notice">
            


                                                                            </div>

        <div class="img">
          <img alt="Jog.dzēr. ACTIMEL zem.kaz.mell. 12x100g" src="/uploads/sale/2026/sales_page/01/02//jog-dzer-actimel-zem-kaz-mell-12x100g-00151-0102115019.png?1767347419">
        </div>
        <div class="text paldies-card      ">
            <div class="title">Jog.dzēr. ACTIMEL zem.kaz.mell. 12x100g</div>
            <div class="pack">
                <span class="ptitle"></span>
                <span class="price"> 4.99 €/kg</span>
            </div>
                    </div>
        <div class="infopop">
            <div class="in"><span></span>
                <div class="arrow_top"></div>
                <div class="arrow_bottom"></div>
            </div>
        </div>
    </div>
</div><div class="col-third offer-item">
    <div class="item bl_shadow product-241111 paldies-card  offer-2-l-sp-sku units-price        " data-product-id="241111" data-timeout="26" data-dates-interval="13.01. - 09.03.2026." tabindex="0" role="button">
                                                    <div class="discount price with-unit-price ">
                                                                            <div class="paldies-card-icon with-unit-price">
                        <img src="/images/front/icons/paldies2-icon.png" alt="Paldies">
                    </div>
                                                                
                    <div class="t1 with-unit-price paldies-card">
            <span class="value">1</span>
            <span class="cents">39</span>
            <span class="eur">€</span>
            <span class="unit-price">3.09 €/kg</span>
        </div>
                    <div class="t2">
                <span class="value">1,79</span>
                <span class="eur">€</span>
            </div>
            <div class="t3 with-unit-price">
                <span class="value">1</span>
                <span class="cents">79</span>
                <span class="eur">€</span>
                <span class="unit-price">3.98 €/kg</span>            </div>
            
    <span class="vline"></span>
</div>                    		
        
        
        <div class="tags tags_primary bottom_icons">
                                                            
                                <div data-alt="Atlaide ar PALDIES karti" class="tag tag-soap-2 " style="background-image: url('/uploads/sale/atlaide-ar-paldies-karti-7358.png');                     ">
                </div>
                                                                            
                                <div data-alt="Latvijas produkts" class="tag tag-soap-6 " style="background-image: url('/uploads/sale/latvijas-produkts-3559.png');                     ">
                </div>
                            
                    </div>
        <div class="tags tags_primary info_icon">
            
    <div data-alt="Preču piedāvājums atšķirīgs Maxima veikalos, ar aktuālo akcijas preču piedāvājumu aicinām iepazīties uz vietas veikalā!" class="tag i"></div>

        </div>

        <div class="info-notice">
            


                                                                            </div>

        <div class="img">
          <img alt="Raudz.piena prod.LAKTO klasisk.450g" src="/uploads/sale/2026/sales_page/01/02//raudz-piena-prod-lakto-klasisk-450g-00152-0102115019.png?1767347419">
        </div>
        <div class="text paldies-card      ">
            <div class="title">Raudz.piena prod.LAKTO klasisk.450g</div>
            <div class="pack">
                <span class="ptitle"></span>
                <span class="price"> 3.98 €/kg</span>
            </div>
                    </div>
        <div class="infopop">
            <div class="in"><span></span>
                <div class="arrow_top"></div>
                <div class="arrow_bottom"></div>
            </div>
        </div>
    </div>
</div><div class="col-third offer-item">
    <div class="item bl_shadow product-241112 paldies-card  offer-2-l-sp-sku units-price        " data-product-id="241112" data-timeout="26" data-dates-interval="13.01. - 09.03.2026." tabindex="0" role="button">
                                                    <div class="discount price with-unit-price ">
                                                                            <div class="paldies-card-icon with-unit-price">
                        <img src="/images/front/icons/paldies2-icon.png" alt="Paldies">
                    </div>
                                                                
                    <div class="t1 with-unit-price paldies-card">
            <span class="value">1</span>
            <span class="cents">39</span>
            <span class="eur">€</span>
            <span class="unit-price">3.09 €/kg</span>
        </div>
                    <div class="t2">
                <span class="value">1,79</span>
                <span class="eur">€</span>
            </div>
            <div class="t3 with-unit-price">
                <span class="value">1</span>
                <span class="cents">79</span>
                <span class="eur">€</span>
                <span class="unit-price">3.98 €/kg</span>            </div>
            
    <span class="vline"></span>
</div>                    		
        
        
        <div class="tags tags_primary bottom_icons">
                                                            
                                <div data-alt="Atlaide ar PALDIES karti" class="tag tag-soap-2 " style="background-image: url('/uploads/sale/atlaide-ar-paldies-karti-7358.png');                     ">
                </div>
                                                                            
                                <div data-alt="Latvijas produkts" class="tag tag-soap-6 " style="background-image: url('/uploads/sale/latvijas-produkts-3559.png');                     ">
                </div>
                            
                    </div>
        <div class="tags tags_primary info_icon">
            
    <div data-alt="Preču piedāvājums atšķirīgs Maxima veikalos, ar aktuālo akcijas preču piedāvājumu aicinām iepazīties uz vietas veikalā!" class="tag i"></div>

        </div>

        <div class="info-notice">
            


                                                                            </div>

        <div class="img">
          <img alt="Raudz.piena prod.LAKTO smiltsērk.450g" src="/uploads/sale/2026/sales_page/01/02//raudz-piena-prod-lakto-smiltserk-450g-00153-0102115019.png?1767347419">
        </div>
        <div class="text paldies-card      ">
            <div class="title">Raudz.piena prod.LAKTO smiltsērk.450g</div>
            <div class="pack">
                <span class="ptitle"></span>
                <span class="price"> 3.98 €/kg</span>
            </div>
                    </div>
        <div class="infopop">
            <div class="in"><span></span>
                <div class="arrow_top"></div>
                <div class="arrow_bottom"></div>
            </div>
        </div>
    </div>
</div><div class="col-third offer-item">
    <div class="item bl_shadow product-241113 paldies-card  offer-2-l-sp-sku units-price        " data-product-id="241113" data-timeout="26" data-dates-interval="20.01. - 09.03.2026." tabindex="0" role="button">
                                                    <div class="discount price with-unit-price ">
                                                                            <div class="paldies-card-icon with-unit-price">
                        <img src="/images/front/icons/paldies2-icon.png" alt="Paldies">
                    </div>
                                                                
                    <div class="t1 with-unit-price paldies-card">
            <span class="value">1</span>
            <span class="cents">79</span>
            <span class="eur">€</span>
            <span class="unit-price">8.95 €/kg</span>
        </div>
                    <div class="t2">
                <span class="value">2,35</span>
                <span class="eur">€</span>
            </div>
            <div class="t3 with-unit-price">
                <span class="value">2</span>
                <span class="cents">35</span>
                <span class="eur">€</span>
                <span class="unit-price">11.75 €/kg</span>            </div>
            
    <span class="vline"></span>
</div>                    		
        
        
        <div class="tags tags_primary bottom_icons">
                                                            
                                <div data-alt="Atlaide ar PALDIES karti" class="tag tag-soap-2 " style="background-image: url('/uploads/sale/atlaide-ar-paldies-karti-7358.png');                     ">
                </div>
                                                                            
                                <div data-alt="Latvijas produkts" class="tag tag-soap-6 " style="background-image: url('/uploads/sale/latvijas-produkts-3559.png');                     ">
                </div>
                            
                    </div>
        <div class="tags tags_primary info_icon">
            
    <div data-alt="Preču piedāvājums atšķirīgs Maxima veikalos, ar aktuālo akcijas preču piedāvājumu aicinām iepazīties uz vietas veikalā!" class="tag i"></div>

        </div>

        <div class="info-notice">
            


                                                                            </div>

        <div class="img">
          <img alt="Kausētais siers DZINTARS ar barav.200g" src="/uploads/sale/2026/sales_page/01/02//kausetais-siers-dzintars-ar-barav-200g-00154-0119165630.png?1768834590">
        </div>
        <div class="text paldies-card      ">
            <div class="title">Kausētais siers DZINTARS ar barav.200g</div>
            <div class="pack">
                <span class="ptitle"></span>
                <span class="price"> 11.75 €/kg</span>
            </div>
                    </div>
        <div class="infopop">
            <div class="in"><span></span>
                <div class="arrow_top"></div>
                <div class="arrow_bottom"></div>
            </div>
        </div>
    </div>
</div><div class="col-third offer-item">
    <div class="item bl_shadow product-241114 paldies-card  offer-2-l-sp-sku units-price        " data-product-id="241114" data-timeout="26" data-dates-interval="13.01. - 09.03.2026." tabindex="0" role="button">
                                                    <div class="discount price with-unit-price ">
                                                                            <div class="paldies-card-icon with-unit-price">
                        <img src="/images/front/icons/paldies2-icon.png" alt="Paldies">
                    </div>
                                                                
                    <div class="t1 with-unit-price paldies-card">
            <span class="value">1</span>
            <span class="cents">19</span>
            <span class="eur">€</span>
            <span class="unit-price">3.13 €/kg</span>
        </div>
                    <div class="t2">
                <span class="value">1,39</span>
                <span class="eur">€</span>
            </div>
            <div class="t3 with-unit-price">
                <span class="value">1</span>
                <span class="cents">39</span>
                <span class="eur">€</span>
                <span class="unit-price">3.66 €/kg</span>            </div>
            
    <span class="vline"></span>
</div>                    		
        
        
        <div class="tags tags_primary bottom_icons">
                                                            
                                <div data-alt="Atlaide ar PALDIES karti" class="tag tag-soap-2 " style="background-image: url('/uploads/sale/atlaide-ar-paldies-karti-7358.png');                     ">
                </div>
                                                                            
                                <div data-alt="Latvijas produkts" class="tag tag-soap-6 " style="background-image: url('/uploads/sale/latvijas-produkts-3559.png');                     ">
                </div>
                            
                    </div>
        <div class="tags tags_primary info_icon">
            
    <div data-alt="Preču piedāvājums atšķirīgs Maxima veikalos, ar aktuālo akcijas preču piedāvājumu aicinām iepazīties uz vietas veikalā!" class="tag i"></div>

        </div>

        <div class="info-notice">
            


                                                                            </div>

        <div class="img">
          <img alt="Jogurts BALTAIS maizes ar žāv.aprik.380g" src="/uploads/sale/2026/sales_page/01/02//jogurts-baltais-maizes-ar-zav-aprik-380g-00155-0102115019.png?1767347419">
        </div>
        <div class="text paldies-card      ">
            <div class="title">Jogurts BALTAIS maizes ar žāv.aprik.380g</div>
            <div class="pack">
                <span class="ptitle"></span>
                <span class="price"> 3.66 €/kg</span>
            </div>
                    </div>
        <div class="infopop">
            <div class="in"><span></span>
                <div class="arrow_top"></div>
                <div class="arrow_bottom"></div>
            </div>
        </div>
    </div>
</div><div class="col-third offer-item">
    <div class="item bl_shadow product-241115 paldies-card  offer-2-l-sp-sku units-price        " data-product-id="241115" data-timeout="26" data-dates-interval="27.01. - 09.03.2026." tabindex="0" role="button">
                                                    <div class="discount price with-unit-price ">
                                                                            <div class="paldies-card-icon with-unit-price">
                        <img src="/images/front/icons/paldies2-icon.png" alt="Paldies">
                    </div>
                                
                    <div class="t1 with-unit-price paldies-card">
            <span class="value">0</span>
            <span class="cents">99</span>
            <span class="eur">€</span>
            <span class="unit-price">5.50 €/kg</span>
        </div>
                    <div class="t2">
                <span class="value">1,29</span>
                <span class="eur">€</span>
            </div>
            <div class="t3 with-unit-price">
                <span class="value">1</span>
                <span class="cents">29</span>
                <span class="eur">€</span>
                <span class="unit-price">7.17 €/kg</span>            </div>
            
    <span class="vline"></span>
</div>                    		
        
        
        <div class="tags tags_primary bottom_icons">
                                                            
                                <div data-alt="Atlaide ar PALDIES karti" class="tag tag-soap-2 " style="background-image: url('/uploads/sale/atlaide-ar-paldies-karti-7358.png');                     ">
                </div>
                            
                    </div>
        <div class="tags tags_primary info_icon">
            
    <div data-alt="Preču piedāvājums atšķirīgs Maxima veikalos, ar aktuālo akcijas preču piedāvājumu aicinām iepazīties uz vietas veikalā!" class="tag i"></div>

        </div>

        <div class="info-notice">
            


                                                </div>

        <div class="img">
          <img alt="Saldais biezpiens BALTAIS vaniļas 180g" src="/uploads/sale/2026/sales_page/01/02//saldais-biezpiens-baltais-vanilas-180g-00156-0102115020.png?1767347420">
        </div>
        <div class="text paldies-card      ">
            <div class="title">Saldais biezpiens BALTAIS vaniļas 180g</div>
            <div class="pack">
                <span class="ptitle"></span>
                <span class="price"> 7.17 €/kg</span>
            </div>
                    </div>
        <div class="infopop">
            <div class="in"><span></span>
                <div class="arrow_top"></div>
                <div class="arrow_bottom"></div>
            </div>
        </div>
    </div>
</div><div class="col-third offer-item">
    <div class="item bl_shadow product-241116 paldies-card  offer-2-l-sp-sku units-price        " data-product-id="241116" data-timeout="26" data-dates-interval="27.01. - 09.03.2026." tabindex="0" role="button">
                                                    <div class="discount price with-unit-price ">
                                                                            <div class="paldies-card-icon with-unit-price">
                        <img src="/images/front/icons/paldies2-icon.png" alt="Paldies">
                    </div>
                                
                    <div class="t1 with-unit-price paldies-card">
            <span class="value">0</span>
            <span class="cents">99</span>
            <span class="eur">€</span>
            <span class="unit-price">5.50 €/kg</span>
        </div>
                    <div class="t2">
                <span class="value">1,29</span>
                <span class="eur">€</span>
            </div>
            <div class="t3 with-unit-price">
                <span class="value">1</span>
                <span class="cents">29</span>
                <span class="eur">€</span>
                <span class="unit-price">7.17 €/kg</span>            </div>
            
    <span class="vline"></span>
</div>                    		
        
        
        <div class="tags tags_primary bottom_icons">
                                                            
                                <div data-alt="Atlaide ar PALDIES karti" class="tag tag-soap-2 " style="background-image: url('/uploads/sale/atlaide-ar-paldies-karti-7358.png');                     ">
                </div>
                            
                    </div>
        <div class="tags tags_primary info_icon">
            
    <div data-alt="Preču piedāvājums atšķirīgs Maxima veikalos, ar aktuālo akcijas preču piedāvājumu aicinām iepazīties uz vietas veikalā!" class="tag i"></div>

        </div>

        <div class="info-notice">
            


                                                </div>

        <div class="img">
          <img alt="Sald.biezpiens BALTAIS ar rozīnēm 180g" src="/uploads/sale/2026/sales_page/01/02//sald-biezpiens-baltais-ar-rozinem-180g-00157-0102115020.png?1767347420">
        </div>
        <div class="text paldies-card      ">
            <div class="title">Sald.biezpiens BALTAIS ar rozīnēm 180g</div>
            <div class="pack">
                <span class="ptitle"></span>
                <span class="price"> 7.17 €/kg</span>
            </div>
                    </div>
        <div class="infopop">
            <div class="in"><span></span>
                <div class="arrow_top"></div>
                <div class="arrow_bottom"></div>
            </div>
        </div>
    </div>
</div><div class="col-third offer-item">
    <div class="item bl_shadow product-241117 paldies-card  offer-2-l-sp-sku units-price        " data-product-id="241117" data-timeout="26" data-dates-interval="13.01. - 09.03.2026." tabindex="0" role="button">
                                                    <div class="discount price with-unit-price ">
                                                                            <div class="paldies-card-icon with-unit-price">
                        <img src="/images/front/icons/paldies2-icon.png" alt="Paldies">
                    </div>
                                                                
                    <div class="t1 with-unit-price paldies-card">
            <span class="value">1</span>
            <span class="cents">19</span>
            <span class="eur">€</span>
            <span class="unit-price">3.13 €/kg</span>
        </div>
                    <div class="t2">
                <span class="value">1,39</span>
                <span class="eur">€</span>
            </div>
            <div class="t3 with-unit-price">
                <span class="value">1</span>
                <span class="cents">39</span>
                <span class="eur">€</span>
                <span class="unit-price">3.66 €/kg</span>            </div>
            
    <span class="vline"></span>
</div>                    		
        
        
        <div class="tags tags_primary bottom_icons">
                                                            
                                <div data-alt="Atlaide ar PALDIES karti" class="tag tag-soap-2 " style="background-image: url('/uploads/sale/atlaide-ar-paldies-karti-7358.png');                     ">
                </div>
                                                                            
                                <div data-alt="Latvijas produkts" class="tag tag-soap-6 " style="background-image: url('/uploads/sale/latvijas-produkts-3559.png');                     ">
                </div>
                            
                    </div>
        <div class="tags tags_primary info_icon">
            
    <div data-alt="Preču piedāvājums atšķirīgs Maxima veikalos, ar aktuālo akcijas preču piedāvājumu aicinām iepazīties uz vietas veikalā!" class="tag i"></div>

        </div>

        <div class="info-notice">
            


                                                                            </div>

        <div class="img">
          <img alt="Jogurts BALTAIS ar musli 380g" src="/uploads/sale/2026/sales_page/01/02//jogurts-baltais-ar-musli-380g-00158-0102115020.png?1767347420">
        </div>
        <div class="text paldies-card      ">
            <div class="title">Jogurts BALTAIS ar musli 380g</div>
            <div class="pack">
                <span class="ptitle"></span>
                <span class="price"> 3.66 €/kg</span>
            </div>
                    </div>
        <div class="infopop">
            <div class="in"><span></span>
                <div class="arrow_top"></div>
                <div class="arrow_bottom"></div>
            </div>
        </div>
    </div>
</div><div class="col-third offer-item">
    <div class="item bl_shadow product-241118 paldies-card  offer-2-l-sp-sku units-price        " data-product-id="241118" data-timeout="26" data-dates-interval="27.01. - 09.03.2026." tabindex="0" role="button">
                                                    <div class="discount price with-unit-price ">
                                                                            <div class="paldies-card-icon with-unit-price">
                        <img src="/images/front/icons/paldies2-icon.png" alt="Paldies">
                    </div>
                                
                    <div class="t1 with-unit-price paldies-card">
            <span class="value">1</span>
            <span class="cents">39</span>
            <span class="eur">€</span>
            <span class="unit-price">7.72 €/kg</span>
        </div>
                    <div class="t2">
                <span class="value">2,69</span>
                <span class="eur">€</span>
            </div>
            <div class="t3 with-unit-price">
                <span class="value">2</span>
                <span class="cents">69</span>
                <span class="eur">€</span>
                <span class="unit-price">14.94 €/kg</span>            </div>
            
    <span class="vline"></span>
</div>                    		
        
        
        <div class="tags tags_primary bottom_icons">
                                                            
                                <div data-alt="Atlaide ar PALDIES karti" class="tag tag-soap-2 " style="background-image: url('/uploads/sale/atlaide-ar-paldies-karti-7358.png');                     ">
                </div>
                            
                    </div>
        <div class="tags tags_primary info_icon">
            
    <div data-alt="Preču piedāvājums atšķirīgs Maxima veikalos, ar aktuālo akcijas preču piedāvājumu aicinām iepazīties uz vietas veikalā!" class="tag i"></div>

        </div>

        <div class="info-notice">
            


                                                </div>

        <div class="img">
          <img alt="Sviests saldkrējuma RASA 82% 180g" src="/uploads/sale/2026/sales_page/01/02//sviests-saldkrejuma-rasa-82-180g-00159-0129103018.png?1769675418">
        </div>
        <div class="text paldies-card      ">
            <div class="title">Sviests saldkrējuma RASA 82% 180g</div>
            <div class="pack">
                <span class="ptitle"></span>
                <span class="price"> 14.94 €/kg</span>
            </div>
                    </div>
        <div class="infopop">
            <div class="in"><span></span>
                <div class="arrow_top"></div>
                <div class="arrow_bottom"></div>
            </div>
        </div>
    </div>
</div><div class="col-third offer-item">
    <div class="item bl_shadow product-241119 paldies-card  offer-2-l-sp-sku units-price        " data-product-id="241119" data-timeout="26" data-dates-interval="13.01. - 09.03.2026." tabindex="0" role="button">
                                                    <div class="discount price with-unit-price ">
                                                                            <div class="paldies-card-icon with-unit-price">
                        <img src="/images/front/icons/paldies2-icon.png" alt="Paldies">
                    </div>
                                
                    <div class="t1 with-unit-price paldies-card">
            <span class="value">0</span>
            <span class="cents">39</span>
            <span class="eur">€</span>
            <span class="unit-price">8.67 €/kg</span>
        </div>
                    <div class="t2">
                <span class="value">0,52</span>
                <span class="eur">€</span>
            </div>
            <div class="t3 with-unit-price">
                <span class="value">0</span>
                <span class="cents">52</span>
                <span class="eur">€</span>
                <span class="unit-price">11.56 €/kg</span>            </div>
            
    <span class="vline"></span>
</div>                    		
        
        
        <div class="tags tags_primary bottom_icons">
                                                            
                                <div data-alt="Atlaide ar PALDIES karti" class="tag tag-soap-2 " style="background-image: url('/uploads/sale/atlaide-ar-paldies-karti-7358.png');                     ">
                </div>
                            
                    </div>
        <div class="tags tags_primary info_icon">
            
    <div data-alt="Preču piedāvājums atšķirīgs Maxima veikalos, ar aktuālo akcijas preču piedāvājumu aicinām iepazīties uz vietas veikalā!" class="tag i"></div>

        </div>

        <div class="info-notice">
            


                                                </div>

        <div class="img">
          <img alt="Biezpiena sieriņš KĀRUMS citronu 45g" src="/uploads/sale/2026/sales_page/01/02//biezpiena-sierins-karums-citronu-45g-00160-0102115020.png?1767347420">
        </div>
        <div class="text paldies-card      ">
            <div class="title">Biezpiena sieriņš KĀRUMS citronu 45g</div>
            <div class="pack">
                <span class="ptitle"></span>
                <span class="price"> 11.56 €/kg</span>
            </div>
                    </div>
        <div class="infopop">
            <div class="in"><span></span>
                <div class="arrow_top"></div>
                <div class="arrow_bottom"></div>
            </div>
        </div>
    </div>
</div><div class="col-third offer-item">
    <div class="item bl_shadow product-241093 paldies-card  offer-2-l-sp-sku units-price        " data-product-id="241093" data-timeout="26" data-dates-interval="13.01. - 09.03.2026." tabindex="0" role="button">
                                                    <div class="discount price with-unit-price ">
                                                                            <div class="paldies-card-icon with-unit-price">
                        <img src="/images/front/icons/paldies2-icon.png" alt="Paldies">
                    </div>
                                                                
                    <div class="t1 with-unit-price paldies-card">
            <span class="value">1</span>
            <span class="cents">29</span>
            <span class="eur">€</span>
            <span class="unit-price">1.29 €/kg</span>
        </div>
                    <div class="t2">
                <span class="value">1,55</span>
                <span class="eur">€</span>
            </div>
            <div class="t3 with-unit-price">
                <span class="value">1</span>
                <span class="cents">55</span>
                <span class="eur">€</span>
                <span class="unit-price">1.55 €/kg</span>            </div>
            
    <span class="vline"></span>
</div>                    		
        
        
        <div class="tags tags_primary bottom_icons">
                                                            
                                <div data-alt="Atlaide ar PALDIES karti" class="tag tag-soap-2 " style="background-image: url('/uploads/sale/atlaide-ar-paldies-karti-7358.png');                     ">
                </div>
                                                                            
                                <div data-alt="Latvijas produkts" class="tag tag-soap-6 " style="background-image: url('/uploads/sale/latvijas-produkts-3559.png');                     ">
                </div>
                            
                    </div>
        <div class="tags tags_primary info_icon">
            
    <div data-alt="Preču piedāvājums atšķirīgs Maxima veikalos, ar aktuālo akcijas preču piedāvājumu aicinām iepazīties uz vietas veikalā!" class="tag i"></div>

        </div>

        <div class="info-notice">
            


                                                                            </div>

        <div class="img">
          <img alt="Kefīrs LAZDONAS PIENS 3,2% 1kg pudelē" src="/uploads/sale/2026/sales_page/01/02//kefirs-lazdonas-piens-3-2-1kg-pudele-00161-0102115017.png?1767347417">
        </div>
        <div class="text paldies-card      ">
            <div class="title">Kefīrs LAZDONAS PIENS 3,2% 1kg pudelē</div>
            <div class="pack">
                <span class="ptitle"></span>
                <span class="price"> 1.55 €/kg</span>
            </div>
                    </div>
        <div class="infopop">
            <div class="in"><span></span>
                <div class="arrow_top"></div>
                <div class="arrow_bottom"></div>
            </div>
        </div>
    </div>
</div><div class="col-third offer-item">
    <div class="item bl_shadow product-241094 paldies-card  offer-2-l-sp-sku units-price        " data-product-id="241094" data-timeout="26" data-dates-interval="13.01. - 09.03.2026." tabindex="0" role="button">
                                                    <div class="discount price with-unit-price ">
                                                                            <div class="paldies-card-icon with-unit-price">
                        <img src="/images/front/icons/paldies2-icon.png" alt="Paldies">
                    </div>
                                                                
                    <div class="t1 with-unit-price paldies-card">
            <span class="value">1</span>
            <span class="cents">29</span>
            <span class="eur">€</span>
            <span class="unit-price">1.29 €/kg</span>
        </div>
                    <div class="t2">
                <span class="value">1,55</span>
                <span class="eur">€</span>
            </div>
            <div class="t3 with-unit-price">
                <span class="value">1</span>
                <span class="cents">55</span>
                <span class="eur">€</span>
                <span class="unit-price">1.55 €/kg</span>            </div>
            
    <span class="vline"></span>
</div>                    		
        
        
        <div class="tags tags_primary bottom_icons">
                                                            
                                <div data-alt="Atlaide ar PALDIES karti" class="tag tag-soap-2 " style="background-image: url('/uploads/sale/atlaide-ar-paldies-karti-7358.png');                     ">
                </div>
                                                                            
                                <div data-alt="Latvijas produkts" class="tag tag-soap-6 " style="background-image: url('/uploads/sale/latvijas-produkts-3559.png');                     ">
                </div>
                            
                    </div>
        <div class="tags tags_primary info_icon">
            
    <div data-alt="Preču piedāvājums atšķirīgs Maxima veikalos, ar aktuālo akcijas preču piedāvājumu aicinām iepazīties uz vietas veikalā!" class="tag i"></div>

        </div>

        <div class="info-notice">
            


                                                                            </div>

        <div class="img">
          <img alt="Kefīrs LAZDONAS PIENS 3,2% 1kg pudelē" src="/uploads/sale/2026/sales_page/01/02//kefirs-lazdonas-piens-3-2-1kg-pudele-00161-0102115017.png?1767347417">
        </div>
        <div class="text paldies-card      ">
            <div class="title">Kefīrs LAZDONAS PIENS 3,2% 1kg pudelē</div>
            <div class="pack">
                <span class="ptitle"></span>
                <span class="price"> 1.55 €/kg</span>
            </div>
                    </div>
        <div class="infopop">
            <div class="in"><span></span>
                <div class="arrow_top"></div>
                <div class="arrow_bottom"></div>
            </div>
        </div>
    </div>
</div><div class="col-third offer-item">
    <div class="item bl_shadow product-243293   offer-2-l-pd-sku         " data-product-id="243293" data-timeout="5" data-dates-interval="10.02. - 16.02.2026." tabindex="0" role="button">
                                                    <div class="discount percents">
            <div class="percents_wrapper">
        <span class="sign">-</span><span class="value">40</span><span class="per">%</span>
    </div>
    <span class="vline"></span>
</div>                    		
        
        
        <div class="tags tags_primary bottom_icons">
            
                    </div>
        <div class="tags tags_primary info_icon">
            
    <div data-alt="Cena pie preces norādīta ar atlaidi.&lt;br&gt;Prece pieejama 10.02. - 16.02." class="tag i"></div>

        </div>

        <div class="info-notice">
            


                    </div>

        <div class="img">
          <img alt="Veļas mazgāšanas želejām un pulveriem PERSIL" src="/uploads/sale/2026/sales_page/02/09//velas-mazgasanas-zelejam-un-pulveriem-persil-00051-0209103059.png?1770625859">
        </div>
        <div class="text   discount-type    ">
            <div class="title">Veļas mazgāšanas želejām un pulveriem PERSIL</div>
            <div class="pack">
                <span class="ptitle"></span>
                <span class="price"> </span>
            </div>
                    </div>
        <div class="infopop">
            <div class="in"><span></span>
                <div class="arrow_top"></div>
                <div class="arrow_bottom"></div>
            </div>
        </div>
    </div>
</div><div class="col-third offer-item">
    <div class="item bl_shadow product-243294   offer-2-l-pd-sku-lidz         " data-product-id="243294" data-timeout="5" data-dates-interval="10.02. - 16.02.2026." tabindex="0" role="button">
                                                    <div class="discount percents">
            <div class="percents_wrapper">
        <span class="sign">-</span><span class="value">50</span><span class="per">%</span>
    </div>
    <span class="vline"></span>
</div>                    		
        
        
        <div class="tags tags_primary bottom_icons">
            
                    </div>
        <div class="tags tags_primary info_icon">
            
    <div data-alt="Cena pie preces norādīta ar atlaidi.&lt;br&gt;Prece pieejama 10.02. - 16.02." class="tag i"></div>

        </div>

        <div class="info-notice">
            


                    </div>

        <div class="img">
          <img alt="Veļas mazgāšanas līdzekļiem PERWOLL" src="/uploads/sale/2026/sales_page/02/09//velas-mazgasanas-lidzekliem-perwoll-00052-0209103059.png?1770625859">
        </div>
        <div class="text   discount-type    ">
            <div class="title">Veļas mazgāšanas līdzekļiem PERWOLL</div>
            <div class="pack">
                <span class="ptitle"></span>
                <span class="price"> </span>
            </div>
                    </div>
        <div class="infopop">
            <div class="in"><span></span>
                <div class="arrow_top"></div>
                <div class="arrow_bottom"></div>
            </div>
        </div>
    </div>
</div><div class="col-third offer-item">
    <div class="item bl_shadow product-243295   offer-2-l-pd-sku         " data-product-id="243295" data-timeout="5" data-dates-interval="10.02. - 16.02.2026." tabindex="0" role="button">
                                                    <div class="discount percents">
            <div class="percents_wrapper">
        <span class="sign">-</span><span class="value">40</span><span class="per">%</span>
    </div>
    <span class="vline"></span>
</div>                    		
        
        
        <div class="tags tags_primary bottom_icons">
            
                    </div>
        <div class="tags tags_primary info_icon">
            
    <div data-alt="Cena pie preces norādīta ar atlaidi.&lt;br&gt;Prece pieejama 10.02. - 16.02." class="tag i"></div>

        </div>

        <div class="info-notice">
            


                    </div>

        <div class="img">
          <img alt="Veļas mazgāšanas kapsulām ARIEL" src="/uploads/sale/2026/sales_page/02/09//velas-mazgasanas-kapsulam-ariel-00053-0209103059.png?1770625859">
        </div>
        <div class="text   discount-type    ">
            <div class="title">Veļas mazgāšanas kapsulām ARIEL</div>
            <div class="pack">
                <span class="ptitle"></span>
                <span class="price"> </span>
            </div>
                    </div>
        <div class="infopop">
            <div class="in"><span></span>
                <div class="arrow_top"></div>
                <div class="arrow_bottom"></div>
            </div>
        </div>
    </div>
</div><div class="col-third offer-item">
    <div class="item bl_shadow product-243296   offer-2-l-pd-sku         " data-product-id="243296" data-timeout="5" data-dates-interval="10.02. - 16.02.2026." tabindex="0" role="button">
                                                    <div class="discount percents">
            <div class="percents_wrapper">
        <span class="sign">-</span><span class="value">40</span><span class="per">%</span>
    </div>
    <span class="vline"></span>
</div>                    		
        
        
        <div class="tags tags_primary bottom_icons">
            
                    </div>
        <div class="tags tags_primary info_icon">
            
    <div data-alt="Cena pie preces norādīta ar atlaidi.&lt;br&gt;Prece pieejama 10.02. - 16.02." class="tag i"></div>

        </div>

        <div class="info-notice">
            


                    </div>

        <div class="img">
          <img alt="Veļas mazgāšanas kapsulām PERSIL" src="/uploads/sale/2026/sales_page/02/09//velas-mazgasanas-kapsulam-persil-00054-0209103059.png?1770625859">
        </div>
        <div class="text   discount-type    ">
            <div class="title">Veļas mazgāšanas kapsulām PERSIL</div>
            <div class="pack">
                <span class="ptitle"></span>
                <span class="price"> </span>
            </div>
                    </div>
        <div class="infopop">
            <div class="in"><span></span>
                <div class="arrow_top"></div>
                <div class="arrow_bottom"></div>
            </div>
        </div>
    </div>
</div><div class="col-third offer-item">
    <div class="item bl_shadow product-243297   offer-2-l-pd-sku-lidz         " data-product-id="243297" data-timeout="5" data-dates-interval="10.02. - 16.02.2026." tabindex="0" role="button">
                                                    <div class="discount percents">
            <div class="percents_wrapper">
        <span class="sign">-</span><span class="value">50</span><span class="per">%</span>
    </div>
    <span class="vline"></span>
</div>                    		
        
        
        <div class="tags tags_primary bottom_icons">
            
                    </div>
        <div class="tags tags_primary info_icon">
            
    <div data-alt="Cena pie preces norādīta ar atlaidi.&lt;br&gt;Prece pieejama 10.02. - 16.02." class="tag i"></div>

        </div>

        <div class="info-notice">
            


                    </div>

        <div class="img">
          <img alt="Veļas mazgāšanas un kopšanas līdzekļiem SEAL" src="/uploads/sale/2026/sales_page/02/09//velas-mazgasanas-un-kopsanas-lidzekliem-seal-00055-0209103102.png?1770625862">
        </div>
        <div class="text   discount-type    ">
            <div class="title">Veļas mazgāšanas un kopšanas līdzekļiem SEAL</div>
            <div class="pack">
                <span class="ptitle"></span>
                <span class="price"> </span>
            </div>
                    </div>
        <div class="infopop">
            <div class="in"><span></span>
                <div class="arrow_top"></div>
                <div class="arrow_bottom"></div>
            </div>
        </div>
    </div>
</div><div class="col-third offer-item">
    <div class="item bl_shadow product-243298   offer-2-l-pd-sku         " data-product-id="243298" data-timeout="5" data-dates-interval="10.02. - 16.02.2026." tabindex="0" role="button">
                                                    <div class="discount percents">
                                                                            <div class="percents_wrapper">
        <span class="sign">-</span><span class="value">45</span><span class="per">%</span>
    </div>
    <span class="vline"></span>
</div>                    		
        
        
        <div class="tags tags_primary bottom_icons">
                                                            
                                <div data-alt="Prece pieejama MAXIMA XX veikalos" class="tag tag-soap-3 tag-shops" style="background-image: url('/uploads/sale/piedavajums-speka-maxima-xx-veikalos-6057.png');                     ">
                </div>
                                                                            
                                <div data-alt="Prece pieejama MAXIMA XXX veikalos" class="tag tag-soap-4 tag-shops" style="background-image: url('/uploads/sale/piedavajums-speka-maxima-xxx-veikalos-3117.png');                     ">
                </div>
                            
                    </div>
        <div class="tags tags_primary info_icon">
            
    <div data-alt="Cena pie preces norādīta ar atlaidi.&lt;br&gt;Prece pieejama 10.02. - 16.02." class="tag i"></div>

        </div>

        <div class="info-notice">
            


                                                                            </div>

        <div class="img">
          <img alt="Veļas mazgāšanas un kopšanas līdzekļiem NEUTRAL" src="/uploads/sale/2026/sales_page/02/09//velas-mazgasanas-un-kopsanas-lidzekliem-neutral-00056-0209103102.png?1770625862">
        </div>
        <div class="text   discount-type    ">
            <div class="title">Veļas mazgāšanas un kopšanas līdzekļiem NEUTRAL</div>
            <div class="pack">
                <span class="ptitle"></span>
                <span class="price"> </span>
            </div>
                    </div>
        <div class="infopop">
            <div class="in"><span></span>
                <div class="arrow_top"></div>
                <div class="arrow_bottom"></div>
            </div>
        </div>
    </div>
</div><div class="col-third offer-item">
    <div class="item bl_shadow product-243299   offer-2-l-pd-sku         " data-product-id="243299" data-timeout="5" data-dates-interval="10.02. - 16.02.2026." tabindex="0" role="button">
                                                    <div class="discount percents">
                                                                            <div class="percents_wrapper">
        <span class="sign">-</span><span class="value">45</span><span class="per">%</span>
    </div>
    <span class="vline"></span>
</div>                    		
        
        
        <div class="tags tags_primary bottom_icons">
                                                            
                                <div data-alt="Prece pieejama MAXIMA XX veikalos" class="tag tag-soap-3 tag-shops" style="background-image: url('/uploads/sale/piedavajums-speka-maxima-xx-veikalos-6057.png');                     ">
                </div>
                                                                            
                                <div data-alt="Prece pieejama MAXIMA XXX veikalos" class="tag tag-soap-4 tag-shops" style="background-image: url('/uploads/sale/piedavajums-speka-maxima-xxx-veikalos-3117.png');                     ">
                </div>
                            
                    </div>
        <div class="tags tags_primary info_icon">
            
    <div data-alt="Cena pie preces norādīta ar atlaidi.&lt;br&gt;Prece pieejama 10.02. - 16.02." class="tag i"></div>

        </div>

        <div class="info-notice">
            


                                                                            </div>

        <div class="img">
          <img alt="Veļas mazgāšanas līdzekļiem LOVELA" src="/uploads/sale/2026/sales_page/02/09//velas-mazgasanas-lidzekliem-lovela-00057-0209103102.png?1770625862">
        </div>
        <div class="text   discount-type    ">
            <div class="title">Veļas mazgāšanas līdzekļiem LOVELA</div>
            <div class="pack">
                <span class="ptitle"></span>
                <span class="price"> </span>
            </div>
                    </div>
        <div class="infopop">
            <div class="in"><span></span>
                <div class="arrow_top"></div>
                <div class="arrow_bottom"></div>
            </div>
        </div>
    </div>
</div><div class="col-third offer-item">
    <div class="item bl_shadow product-243300   offer-2-l-pd-sku         " data-product-id="243300" data-timeout="5" data-dates-interval="10.02. - 16.02.2026." tabindex="0" role="button">
                                                    <div class="discount percents">
            <div class="percents_wrapper">
        <span class="sign">-</span><span class="value">40</span><span class="per">%</span>
    </div>
    <span class="vline"></span>
</div>                    		
        
        
        <div class="tags tags_primary bottom_icons">
            
                    </div>
        <div class="tags tags_primary info_icon">
            
    <div data-alt="Cena pie preces norādīta ar atlaidi.&lt;br&gt;Prece pieejama 10.02. - 16.02." class="tag i"></div>

        </div>

        <div class="info-notice">
            


                    </div>

        <div class="img">
          <img alt="Veļas mazgāšanas un kopšanas līdzekļiem FROSCH" src="/uploads/sale/2026/sales_page/02/09//velas-mazgasanas-un-kopsanas-lidzekliem-frosch-00058-0209103102.png?1770625862">
        </div>
        <div class="text   discount-type    ">
            <div class="title">Veļas mazgāšanas un kopšanas līdzekļiem FROSCH</div>
            <div class="pack">
                <span class="ptitle"></span>
                <span class="price"> </span>
            </div>
                    </div>
        <div class="infopop">
            <div class="in"><span></span>
                <div class="arrow_top"></div>
                <div class="arrow_bottom"></div>
            </div>
        </div>
    </div>
</div><div class="col-third offer-item">
    <div class="item bl_shadow product-243301 paldies-card  offer-2-l-sp-sku units-price        " data-product-id="243301" data-timeout="5" data-dates-interval="10.02. - 16.02.2026." tabindex="0" role="button">
                                                    <div class="discount price with-unit-price ">
                                                                            <div class="paldies-card-icon with-unit-price">
                        <img src="/images/front/icons/paldies2-icon.png" alt="Paldies">
                    </div>
                                                                                                
                    <div class="t1 with-unit-price paldies-card">
            <span class="value">4</span>
            <span class="cents">99</span>
            <span class="eur">€</span>
            <span class="unit-price">0,23 €/gab.</span>
        </div>
                    <div class="t2">
                <span class="value">8,29</span>
                <span class="eur">€</span>
            </div>
            <div class="t3 with-unit-price">
                <span class="value">8</span>
                <span class="cents">29</span>
                <span class="eur">€</span>
                <span class="unit-price">0,38 €/gab.</span>            </div>
            
    <span class="vline"></span>
</div>                    		
        
        
        <div class="tags tags_primary bottom_icons">
                                                            
                                <div data-alt="Atlaide ar PALDIES karti" class="tag tag-soap-2 " style="background-image: url('/uploads/sale/atlaide-ar-paldies-karti-7358.png');                     ">
                </div>
                                                                            
                                <div data-alt="Prece pieejama MAXIMA XX veikalos" class="tag tag-soap-3 tag-shops" style="background-image: url('/uploads/sale/piedavajums-speka-maxima-xx-veikalos-6057.png');                     ">
                </div>
                                                                            
                                <div data-alt="Prece pieejama MAXIMA XXX veikalos" class="tag tag-soap-4 tag-shops" style="background-image: url('/uploads/sale/piedavajums-speka-maxima-xxx-veikalos-3117.png');                     ">
                </div>
                            
                    </div>
        <div class="tags tags_primary info_icon">
            

        </div>

        <div class="info-notice">
            


                                                                                                        </div>

        <div class="img">
          <img alt="Veļas salvetes K2R COLOUR CATCHER, 1 iepak./22 gab." src="/uploads/sale/2026/sales_page/02/09//velas-salvetes-k2r-colour-catcher-00059-0209103102.png?1770625862">
        </div>
        <div class="text paldies-card      ">
            <div class="title">Veļas salvetes K2R COLOUR CATCHER, 1 iepak./22 gab.</div>
            <div class="pack">
                <span class="ptitle"></span>
                <span class="price"> 0,38 €/gab.</span>
            </div>
                    </div>
        <div class="infopop">
            <div class="in"><span></span>
                <div class="arrow_top"></div>
                <div class="arrow_bottom"></div>
            </div>
        </div>
    </div>
</div><div class="col-third offer-item">
    <div class="item bl_shadow product-243302   offer-2-l-pd-sku         " data-product-id="243302" data-timeout="5" data-dates-interval="10.02. - 16.02.2026." tabindex="0" role="button">
                                                    <div class="discount percents">
                                                                            <div class="percents_wrapper">
        <span class="sign">-</span><span class="value">30</span><span class="per">%</span>
    </div>
    <span class="vline"></span>
</div>                    		
        
        
        <div class="tags tags_primary bottom_icons">
                                                            
                                <div data-alt="Prece pieejama MAXIMA XX veikalos" class="tag tag-soap-3 tag-shops" style="background-image: url('/uploads/sale/piedavajums-speka-maxima-xx-veikalos-6057.png');                     ">
                </div>
                                                                            
                                <div data-alt="Prece pieejama MAXIMA XXX veikalos" class="tag tag-soap-4 tag-shops" style="background-image: url('/uploads/sale/piedavajums-speka-maxima-xxx-veikalos-3117.png');                     ">
                </div>
                            
                    </div>
        <div class="tags tags_primary info_icon">
            
    <div data-alt="Cena pie preces norādīta ar atlaidi.&lt;br&gt;Prece pieejama 10.02. - 16.02." class="tag i"></div>

        </div>

        <div class="info-notice">
            


                                                                            </div>

        <div class="img">
          <img alt="Veļas mazgāšanas un kopšanas līdzekļiem FELCE AZZURRA" src="/uploads/sale/2026/sales_page/02/09//velas-mazgasanas-un-kopsanas-lidzekliem-felce-azzurra-00060-0209103102.png?1770625862">
        </div>
        <div class="text   discount-type    ">
            <div class="title">Veļas mazgāšanas un kopšanas līdzekļiem FELCE AZZURRA</div>
            <div class="pack">
                <span class="ptitle"></span>
                <span class="price"> </span>
            </div>
                    </div>
        <div class="infopop">
            <div class="in"><span></span>
                <div class="arrow_top"></div>
                <div class="arrow_bottom"></div>
            </div>
        </div>
    </div>
</div><div class="col-third offer-item">
    <div class="item bl_shadow product-243303   offer-2-l-pd-sku         " data-product-id="243303" data-timeout="5" data-dates-interval="10.02. - 16.02.2026." tabindex="0" role="button">
                                                    <div class="discount percents">
                                                                            <div class="percents_wrapper">
        <span class="sign">-</span><span class="value">40</span><span class="per">%</span>
    </div>
    <span class="vline"></span>
</div>                    		
        
        
        <div class="tags tags_primary bottom_icons">
                                                            
                                <div data-alt="Prece pieejama MAXIMA XX veikalos" class="tag tag-soap-3 tag-shops" style="background-image: url('/uploads/sale/piedavajums-speka-maxima-xx-veikalos-6057.png');                     ">
                </div>
                                                                            
                                <div data-alt="Prece pieejama MAXIMA XXX veikalos" class="tag tag-soap-4 tag-shops" style="background-image: url('/uploads/sale/piedavajums-speka-maxima-xxx-veikalos-3117.png');                     ">
                </div>
                            
                    </div>
        <div class="tags tags_primary info_icon">
            
    <div data-alt="Cena pie preces norādīta ar atlaidi.&lt;br&gt;Prece pieejama 10.02. - 16.02." class="tag i"></div>

        </div>

        <div class="info-notice">
            


                                                                            </div>

        <div class="img">
          <img alt="Veļas kopšanas un sadzīves tīrīšanas līdzekļiem TRI BIO" src="/uploads/sale/2026/sales_page/02/09//velas-kopsanas-un-sadzives-tirisanas-lidzekliem-tri-bio-00061-0209103102.png?1770625862">
        </div>
        <div class="text   discount-type    ">
            <div class="title">Veļas kopšanas un sadzīves tīrīšanas līdzekļiem TRI BIO</div>
            <div class="pack">
                <span class="ptitle"></span>
                <span class="price"> </span>
            </div>
                    </div>
        <div class="infopop">
            <div class="in"><span></span>
                <div class="arrow_top"></div>
                <div class="arrow_bottom"></div>
            </div>
        </div>
    </div>
</div><div class="col-third offer-item">
    <div class="item bl_shadow product-243304   offer-2-l-sp-sku units-price        " data-product-id="243304" data-timeout="5" data-dates-interval="10.02. - 16.02.2026." tabindex="0" role="button">
                                                    <div class="discount price with-unit-price ">
                                                                                        <div class="bottom-icon with-unit-price">
                                    <span class="bottom-icon-item icon-51 " style="background-image: url('/uploads/sale/zemo-ceno-grozs-9876.png')" data-code="500">
                                                    <span class="sign">-</span>
                            <span class="value">50</span>
                            <span class="per">%</span>
                                            </span>
                            </div>
            
                    <div class="t1 with-unit-price ">
            <span class="value">9</span>
            <span class="cents">99</span>
            <span class="eur">€</span>
            <span class="unit-price">0,27 €/gab.</span>
        </div>
                    <div class="t2">
                <span class="value">19,99</span>
                <span class="eur">€</span>
            </div>
            <div class="t3 ">
                <span class="value">19</span>
                <span class="cents">99</span>
                <span class="eur">€</span>
                            </div>
            
    <span class="vline"></span>
</div>                    		
        
        
        <div class="tags tags_primary bottom_icons">
                                                            
                                <div data-alt="Prece pieejama MAXIMA XX veikalos" class="tag tag-soap-3 tag-shops" style="background-image: url('/uploads/sale/piedavajums-speka-maxima-xx-veikalos-6057.png');                     ">
                </div>
                                                                            
                                <div data-alt="Prece pieejama MAXIMA XXX veikalos" class="tag tag-soap-4 tag-shops" style="background-image: url('/uploads/sale/piedavajums-speka-maxima-xxx-veikalos-3117.png');                     ">
                </div>
                                            
                    </div>
        <div class="tags tags_primary info_icon">
            
    <div data-alt="Prece pieejama 10.02. - 16.02." class="tag i"></div>

        </div>

        <div class="info-notice">
            


                                                                                                        </div>

        <div class="img">
          <img alt="Veļas mazgāšanas kapsulas TIDE ALL IN 1 + FAIRY, 1 iepak./37 gab." src="/uploads/sale/2026/sales_page/02/09//velas-mazgasanas-kapsulas-tide-all-in-1-fairy-00062-0209103102.png?1770625862">
        </div>
        <div class="text       ">
            <div class="title">Veļas mazgāšanas kapsulas TIDE ALL IN 1 + FAIRY, 1 iepak./37 gab.</div>
            <div class="pack">
                <span class="ptitle"></span>
                <span class="price"> </span>
            </div>
                    </div>
        <div class="infopop">
            <div class="in"><span></span>
                <div class="arrow_top"></div>
                <div class="arrow_bottom"></div>
            </div>
        </div>
    </div>
</div><div class="col-third offer-item">
    <div class="item bl_shadow product-243305   offer-2-l-sp-sku units-price        " data-product-id="243305" data-timeout="5" data-dates-interval="10.02. - 16.02.2026." tabindex="0" role="button">
                                                    <div class="discount price with-unit-price ">
                                                                                        <div class="bottom-icon with-unit-price">
                                    <span class="bottom-icon-item icon-51 " style="background-image: url('/uploads/sale/zemo-ceno-grozs-9876.png')" data-code="500">
                                                    <span class="sign">-</span>
                            <span class="value">52</span>
                            <span class="per">%</span>
                                            </span>
                            </div>
            
                    <div class="t1 with-unit-price ">
            <span class="value">8</span>
            <span class="cents">59</span>
            <span class="eur">€</span>
            <span class="unit-price">1,91 €/l</span>
        </div>
                    <div class="t2">
                <span class="value">17,99</span>
                <span class="eur">€</span>
            </div>
            <div class="t3 ">
                <span class="value">17</span>
                <span class="cents">99</span>
                <span class="eur">€</span>
                            </div>
            
    <span class="vline"></span>
</div>                    		
        
        
        <div class="tags tags_primary bottom_icons">
                                                            
                                <div data-alt="Prece pieejama MAXIMA XX veikalos" class="tag tag-soap-3 tag-shops" style="background-image: url('/uploads/sale/piedavajums-speka-maxima-xx-veikalos-6057.png');                     ">
                </div>
                                                                            
                                <div data-alt="Prece pieejama MAXIMA XXX veikalos" class="tag tag-soap-4 tag-shops" style="background-image: url('/uploads/sale/piedavajums-speka-maxima-xxx-veikalos-3117.png');                     ">
                </div>
                                            
                    </div>
        <div class="tags tags_primary info_icon">
            
    <div data-alt="Prece pieejama 10.02. - 16.02." class="tag i"></div>

        </div>

        <div class="info-notice">
            


                                                                                                        </div>

        <div class="img">
          <img alt="Veļas mazgāšanas līdzeklis WOOLITE DARK vai FRUITY, 4,5 l/75 m.r." src="/uploads/sale/2026/sales_page/02/09//velas-mazgasanas-lidzeklis-woolite-dark-vai-fruity-00063-0209103102.png?1770625862">
        </div>
        <div class="text       ">
            <div class="title">Veļas mazgāšanas līdzeklis WOOLITE DARK vai FRUITY, 4,5 l/75 m.r.</div>
            <div class="pack">
                <span class="ptitle"></span>
                <span class="price"> </span>
            </div>
                    </div>
        <div class="infopop">
            <div class="in"><span></span>
                <div class="arrow_top"></div>
                <div class="arrow_bottom"></div>
            </div>
        </div>
    </div>
</div><div class="col-third offer-item">
    <div class="item bl_shadow product-243306   offer-2-l-sp-sku units-price        " data-product-id="243306" data-timeout="5" data-dates-interval="10.02. - 16.02.2026." tabindex="0" role="button">
                                                    <div class="discount price with-unit-price ">
                                                                                        <div class="bottom-icon with-unit-price">
                                    <span class="bottom-icon-item icon-51 " style="background-image: url('/uploads/sale/zemo-ceno-grozs-9876.png')" data-code="500">
                                                    <span class="sign">-</span>
                            <span class="value">53</span>
                            <span class="per">%</span>
                                            </span>
                            </div>
            
                    <div class="t1 with-unit-price ">
            <span class="value">8</span>
            <span class="cents">99</span>
            <span class="eur">€</span>
            <span class="unit-price">4,99 €/l</span>
        </div>
                    <div class="t2">
                <span class="value">18,99</span>
                <span class="eur">€</span>
            </div>
            <div class="t3 ">
                <span class="value">18</span>
                <span class="cents">99</span>
                <span class="eur">€</span>
                            </div>
            
    <span class="vline"></span>
</div>                    		
        
        
        <div class="tags tags_primary bottom_icons">
                                                            
                                <div data-alt="Prece pieejama MAXIMA XX veikalos" class="tag tag-soap-3 tag-shops" style="background-image: url('/uploads/sale/piedavajums-speka-maxima-xx-veikalos-6057.png');                     ">
                </div>
                                                                            
                                <div data-alt="Prece pieejama MAXIMA XXX veikalos" class="tag tag-soap-4 tag-shops" style="background-image: url('/uploads/sale/piedavajums-speka-maxima-xxx-veikalos-3117.png');                     ">
                </div>
                                            
                    </div>
        <div class="tags tags_primary info_icon">
            
    <div data-alt="Prece pieejama 10.02. - 16.02." class="tag i"></div>

        </div>

        <div class="info-notice">
            


                                                                                                        </div>

        <div class="img">
          <img alt="Veļas mazgāšanas līdzeklis MOOMIN UNIVERSAL vai COLOR, 1,8 l/51 m.r." src="/uploads/sale/2026/sales_page/02/09//velas-mazgasanas-lidzeklis-moomin-universal-vai-color-00064-0209103102.png?1770625862">
        </div>
        <div class="text       ">
            <div class="title">Veļas mazgāšanas līdzeklis MOOMIN UNIVERSAL vai COLOR, 1,8 l/51 m.r.</div>
            <div class="pack">
                <span class="ptitle"></span>
                <span class="price"> </span>
            </div>
                    </div>
        <div class="infopop">
            <div class="in"><span></span>
                <div class="arrow_top"></div>
                <div class="arrow_bottom"></div>
            </div>
        </div>
    </div>
</div><div class="col-third offer-item">
    <div class="item bl_shadow product-243307   offer-2-l-pd-sku         " data-product-id="243307" data-timeout="5" data-dates-interval="10.02. - 16.02.2026." tabindex="0" role="button">
                                                    <div class="discount percents">
                                                                            <div class="percents_wrapper">
        <span class="sign">-</span><span class="value">50</span><span class="per">%</span>
    </div>
    <span class="vline"></span>
</div>                    		
        
        
        <div class="tags tags_primary bottom_icons">
                                                            
                                <div data-alt="Prece pieejama MAXIMA XX veikalos" class="tag tag-soap-3 tag-shops" style="background-image: url('/uploads/sale/piedavajums-speka-maxima-xx-veikalos-6057.png');                     ">
                </div>
                                                                            
                                <div data-alt="Prece pieejama MAXIMA XXX veikalos" class="tag tag-soap-4 tag-shops" style="background-image: url('/uploads/sale/piedavajums-speka-maxima-xxx-veikalos-3117.png');                     ">
                </div>
                            
                    </div>
        <div class="tags tags_primary info_icon">
            
    <div data-alt="Cena pie preces norādīta ar atlaidi.&lt;br&gt;Prece pieejama 10.02. - 16.02." class="tag i"></div>

        </div>

        <div class="info-notice">
            


                                                                            </div>

        <div class="img">
          <img alt="Veļas mīkstinātājiem TESORI D'ORIENTE" src="/uploads/sale/2026/sales_page/02/09//velas-mikstinatajiem-tesori-d-oriente-00065-0209103104.png?1770625864">
        </div>
        <div class="text   discount-type    ">
            <div class="title">Veļas mīkstinātājiem TESORI D'ORIENTE</div>
            <div class="pack">
                <span class="ptitle"></span>
                <span class="price"> </span>
            </div>
                    </div>
        <div class="infopop">
            <div class="in"><span></span>
                <div class="arrow_top"></div>
                <div class="arrow_bottom"></div>
            </div>
        </div>
    </div>
</div><div class="col-third offer-item">
    <div class="item bl_shadow product-243293   offer-2-l-pd-sku         " data-product-id="243293" data-timeout="5" data-dates-interval="10.02. - 16.02.2026." tabindex="0" role="button">
                                                    <div class="discount percents">
            <div class="percents_wrapper">
        <span class="sign">-</span><span class="value">40</span><span class="per">%</span>
    </div>
    <span class="vline"></span>
</div>                    		
        
        
        <div class="tags tags_primary bottom_icons">
            
                    </div>
        <div class="tags tags_primary info_icon">
            
    <div data-alt="Cena pie preces norādīta ar atlaidi.&lt;br&gt;Prece pieejama 10.02. - 16.02." class="tag i"></div>

        </div>

        <div class="info-notice">
            


                    </div>

        <div class="img">
          <img alt="Veļas mazgāšanas želejām un pulveriem PERSIL" src="/uploads/sale/2026/sales_page/02/09//velas-mazgasanas-zelejam-un-pulveriem-persil-00051-0209103059.png?1770625859">
        </div>
        <div class="text   discount-type    ">
            <div class="title">Veļas mazgāšanas želejām un pulveriem PERSIL</div>
            <div class="pack">
                <span class="ptitle"></span>
                <span class="price"> </span>
            </div>
                    </div>
        <div class="infopop">
            <div class="in"><span></span>
                <div class="arrow_top"></div>
                <div class="arrow_bottom"></div>
            </div>
        </div>
    </div>
</div><div class="col-third offer-item">
    <div class="item bl_shadow product-243294   offer-2-l-pd-sku-lidz         " data-product-id="243294" data-timeout="5" data-dates-interval="10.02. - 16.02.2026." tabindex="0" role="button">
                                                    <div class="discount percents">
            <div class="percents_wrapper">
        <span class="sign">-</span><span class="value">50</span><span class="per">%</span>
    </div>
    <span class="vline"></span>
</div>                    		
        
        
        <div class="tags tags_primary bottom_icons">
            
                    </div>
        <div class="tags tags_primary info_icon">
            
    <div data-alt="Cena pie preces norādīta ar atlaidi.&lt;br&gt;Prece pieejama 10.02. - 16.02." class="tag i"></div>

        </div>

        <div class="info-notice">
            


                    </div>

        <div class="img">
          <img alt="Veļas mazgāšanas līdzekļiem PERWOLL" src="/uploads/sale/2026/sales_page/02/09//velas-mazgasanas-lidzekliem-perwoll-00052-0209103059.png?1770625859">
        </div>
        <div class="text   discount-type    ">
            <div class="title">Veļas mazgāšanas līdzekļiem PERWOLL</div>
            <div class="pack">
                <span class="ptitle"></span>
                <span class="price"> </span>
            </div>
                    </div>
        <div class="infopop">
            <div class="in"><span></span>
                <div class="arrow_top"></div>
                <div class="arrow_bottom"></div>
            </div>
        </div>
    </div>
</div><div class="col-third offer-item">
    <div class="item bl_shadow product-243295   offer-2-l-pd-sku         " data-product-id="243295" data-timeout="5" data-dates-interval="10.02. - 16.02.2026." tabindex="0" role="button">
                                                    <div class="discount percents">
            <div class="percents_wrapper">
        <span class="sign">-</span><span class="value">40</span><span class="per">%</span>
    </div>
    <span class="vline"></span>
</div>                    		
        
        
        <div class="tags tags_primary bottom_icons">
            
                    </div>
        <div class="tags tags_primary info_icon">
            
    <div data-alt="Cena pie preces norādīta ar atlaidi.&lt;br&gt;Prece pieejama 10.02. - 16.02." class="tag i"></div>

        </div>

        <div class="info-notice">
            


                    </div>

        <div class="img">
          <img alt="Veļas mazgāšanas kapsulām ARIEL" src="/uploads/sale/2026/sales_page/02/09//velas-mazgasanas-kapsulam-ariel-00053-0209103059.png?1770625859">
        </div>
        <div class="text   discount-type    ">
            <div class="title">Veļas mazgāšanas kapsulām ARIEL</div>
            <div class="pack">
                <span class="ptitle"></span>
                <span class="price"> </span>
            </div>
                    </div>
        <div class="infopop">
            <div class="in"><span></span>
                <div class="arrow_top"></div>
                <div class="arrow_bottom"></div>
            </div>
        </div>
    </div>
</div><div class="col-third offer-item">
    <div class="item bl_shadow product-243296   offer-2-l-pd-sku         " data-product-id="243296" data-timeout="5" data-dates-interval="10.02. - 16.02.2026." tabindex="0" role="button">
                                                    <div class="discount percents">
            <div class="percents_wrapper">
        <span class="sign">-</span><span class="value">40</span><span class="per">%</span>
    </div>
    <span class="vline"></span>
</div>                    		
        
        
        <div class="tags tags_primary bottom_icons">
            
                    </div>
        <div class="tags tags_primary info_icon">
            
    <div data-alt="Cena pie preces norādīta ar atlaidi.&lt;br&gt;Prece pieejama 10.02. - 16.02." class="tag i"></div>

        </div>

        <div class="info-notice">
            


                    </div>

        <div class="img">
          <img alt="Veļas mazgāšanas kapsulām PERSIL" src="/uploads/sale/2026/sales_page/02/09//velas-mazgasanas-kapsulam-persil-00054-0209103059.png?1770625859">
        </div>
        <div class="text   discount-type    ">
            <div class="title">Veļas mazgāšanas kapsulām PERSIL</div>
            <div class="pack">
                <span class="ptitle"></span>
                <span class="price"> </span>
            </div>
                    </div>
        <div class="infopop">
            <div class="in"><span></span>
                <div class="arrow_top"></div>
                <div class="arrow_bottom"></div>
            </div>
        </div>
    </div>
</div><div class="col-third offer-item">
    <div class="item bl_shadow product-243297   offer-2-l-pd-sku-lidz         " data-product-id="243297" data-timeout="5" data-dates-interval="10.02. - 16.02.2026." tabindex="0" role="button">
                                                    <div class="discount percents">
            <div class="percents_wrapper">
        <span class="sign">-</span><span class="value">50</span><span class="per">%</span>
    </div>
    <span class="vline"></span>
</div>                    		
        
        
        <div class="tags tags_primary bottom_icons">
            
                    </div>
        <div class="tags tags_primary info_icon">
            
    <div data-alt="Cena pie preces norādīta ar atlaidi.&lt;br&gt;Prece pieejama 10.02. - 16.02." class="tag i"></div>

        </div>

        <div class="info-notice">
            


                    </div>

        <div class="img">
          <img alt="Veļas mazgāšanas un kopšanas līdzekļiem SEAL" src="/uploads/sale/2026/sales_page/02/09//velas-mazgasanas-un-kopsanas-lidzekliem-seal-00055-0209103102.png?1770625862">
        </div>
        <div class="text   discount-type    ">
            <div class="title">Veļas mazgāšanas un kopšanas līdzekļiem SEAL</div>
            <div class="pack">
                <span class="ptitle"></span>
                <span class="price"> </span>
            </div>
                    </div>
        <div class="infopop">
            <div class="in"><span></span>
                <div class="arrow_top"></div>
                <div class="arrow_bottom"></div>
            </div>
        </div>
    </div>
</div><div class="col-third offer-item">
    <div class="item bl_shadow product-243298   offer-2-l-pd-sku         " data-product-id="243298" data-timeout="5" data-dates-interval="10.02. - 16.02.2026." tabindex="0" role="button">
                                                    <div class="discount percents">
                                                                            <div class="percents_wrapper">
        <span class="sign">-</span><span class="value">45</span><span class="per">%</span>
    </div>
    <span class="vline"></span>
</div>                    		
        
        
        <div class="tags tags_primary bottom_icons">
                                                            
                                <div data-alt="Prece pieejama MAXIMA XX veikalos" class="tag tag-soap-3 tag-shops" style="background-image: url('/uploads/sale/piedavajums-speka-maxima-xx-veikalos-6057.png');                     ">
                </div>
                                                                            
                                <div data-alt="Prece pieejama MAXIMA XXX veikalos" class="tag tag-soap-4 tag-shops" style="background-image: url('/uploads/sale/piedavajums-speka-maxima-xxx-veikalos-3117.png');                     ">
                </div>
                            
                    </div>
        <div class="tags tags_primary info_icon">
            
    <div data-alt="Cena pie preces norādīta ar atlaidi.&lt;br&gt;Prece pieejama 10.02. - 16.02." class="tag i"></div>

        </div>

        <div class="info-notice">
            


                                                                            </div>

        <div class="img">
          <img alt="Veļas mazgāšanas un kopšanas līdzekļiem NEUTRAL" src="/uploads/sale/2026/sales_page/02/09//velas-mazgasanas-un-kopsanas-lidzekliem-neutral-00056-0209103102.png?1770625862">
        </div>
        <div class="text   discount-type    ">
            <div class="title">Veļas mazgāšanas un kopšanas līdzekļiem NEUTRAL</div>
            <div class="pack">
                <span class="ptitle"></span>
                <span class="price"> </span>
            </div>
                    </div>
        <div class="infopop">
            <div class="in"><span></span>
                <div class="arrow_top"></div>
                <div class="arrow_bottom"></div>
            </div>
        </div>
    </div>
</div><div class="col-third offer-item">
    <div class="item bl_shadow product-243299   offer-2-l-pd-sku         " data-product-id="243299" data-timeout="5" data-dates-interval="10.02. - 16.02.2026." tabindex="0" role="button">
                                                    <div class="discount percents">
                                                                            <div class="percents_wrapper">
        <span class="sign">-</span><span class="value">45</span><span class="per">%</span>
    </div>
    <span class="vline"></span>
</div>                    		
        
        
        <div class="tags tags_primary bottom_icons">
                                                            
                                <div data-alt="Prece pieejama MAXIMA XX veikalos" class="tag tag-soap-3 tag-shops" style="background-image: url('/uploads/sale/piedavajums-speka-maxima-xx-veikalos-6057.png');                     ">
                </div>
                                                                            
                                <div data-alt="Prece pieejama MAXIMA XXX veikalos" class="tag tag-soap-4 tag-shops" style="background-image: url('/uploads/sale/piedavajums-speka-maxima-xxx-veikalos-3117.png');                     ">
                </div>
                            
                    </div>
        <div class="tags tags_primary info_icon">
            
    <div data-alt="Cena pie preces norādīta ar atlaidi.&lt;br&gt;Prece pieejama 10.02. - 16.02." class="tag i"></div>

        </div>

        <div class="info-notice">
            


                                                                            </div>

        <div class="img">
          <img alt="Veļas mazgāšanas līdzekļiem LOVELA" src="/uploads/sale/2026/sales_page/02/09//velas-mazgasanas-lidzekliem-lovela-00057-0209103102.png?1770625862">
        </div>
        <div class="text   discount-type    ">
            <div class="title">Veļas mazgāšanas līdzekļiem LOVELA</div>
            <div class="pack">
                <span class="ptitle"></span>
                <span class="price"> </span>
            </div>
                    </div>
        <div class="infopop">
            <div class="in"><span></span>
                <div class="arrow_top"></div>
                <div class="arrow_bottom"></div>
            </div>
        </div>
    </div>
</div><div class="col-third offer-item">
    <div class="item bl_shadow product-243300   offer-2-l-pd-sku         " data-product-id="243300" data-timeout="5" data-dates-interval="10.02. - 16.02.2026." tabindex="0" role="button">
                                                    <div class="discount percents">
            <div class="percents_wrapper">
        <span class="sign">-</span><span class="value">40</span><span class="per">%</span>
    </div>
    <span class="vline"></span>
</div>                    		
        
        
        <div class="tags tags_primary bottom_icons">
            
                    </div>
        <div class="tags tags_primary info_icon">
            
    <div data-alt="Cena pie preces norādīta ar atlaidi.&lt;br&gt;Prece pieejama 10.02. - 16.02." class="tag i"></div>

        </div>

        <div class="info-notice">
            


                    </div>

        <div class="img">
          <img alt="Veļas mazgāšanas un kopšanas līdzekļiem FROSCH" src="/uploads/sale/2026/sales_page/02/09//velas-mazgasanas-un-kopsanas-lidzekliem-frosch-00058-0209103102.png?1770625862">
        </div>
        <div class="text   discount-type    ">
            <div class="title">Veļas mazgāšanas un kopšanas līdzekļiem FROSCH</div>
            <div class="pack">
                <span class="ptitle"></span>
                <span class="price"> </span>
            </div>
                    </div>
        <div class="infopop">
            <div class="in"><span></span>
                <div class="arrow_top"></div>
                <div class="arrow_bottom"></div>
            </div>
        </div>
    </div>
</div><div class="col-third offer-item">
    <div class="item bl_shadow product-243301 paldies-card  offer-2-l-sp-sku units-price        " data-product-id="243301" data-timeout="5" data-dates-interval="10.02. - 16.02.2026." tabindex="0" role="button">
                                                    <div class="discount price with-unit-price ">
                                                                            <div class="paldies-card-icon with-unit-price">
                        <img src="/images/front/icons/paldies2-icon.png" alt="Paldies">
                    </div>
                                                                                                
                    <div class="t1 with-unit-price paldies-card">
            <span class="value">4</span>
            <span class="cents">99</span>
            <span class="eur">€</span>
            <span class="unit-price">0,23 €/gab.</span>
        </div>
                    <div class="t2">
                <span class="value">8,29</span>
                <span class="eur">€</span>
            </div>
            <div class="t3 with-unit-price">
                <span class="value">8</span>
                <span class="cents">29</span>
                <span class="eur">€</span>
                <span class="unit-price">0,38 €/gab.</span>            </div>
            
    <span class="vline"></span>
</div>                    		
        
        
        <div class="tags tags_primary bottom_icons">
                                                            
                                <div data-alt="Atlaide ar PALDIES karti" class="tag tag-soap-2 " style="background-image: url('/uploads/sale/atlaide-ar-paldies-karti-7358.png');                     ">
                </div>
                                                                            
                                <div data-alt="Prece pieejama MAXIMA XX veikalos" class="tag tag-soap-3 tag-shops" style="background-image: url('/uploads/sale/piedavajums-speka-maxima-xx-veikalos-6057.png');                     ">
                </div>
                                                                            
                                <div data-alt="Prece pieejama MAXIMA XXX veikalos" class="tag tag-soap-4 tag-shops" style="background-image: url('/uploads/sale/piedavajums-speka-maxima-xxx-veikalos-3117.png');                     ">
                </div>
                            
                    </div>
        <div class="tags tags_primary info_icon">
            

        </div>

        <div class="info-notice">
            


                                                                                                        </div>

        <div class="img">
          <img alt="Veļas salvetes K2R COLOUR CATCHER, 1 iepak./22 gab." src="/uploads/sale/2026/sales_page/02/09//velas-salvetes-k2r-colour-catcher-00059-0209103102.png?1770625862">
        </div>
        <div class="text paldies-card      ">
            <div class="title">Veļas salvetes K2R COLOUR CATCHER, 1 iepak./22 gab.</div>
            <div class="pack">
                <span class="ptitle"></span>
                <span class="price"> 0,38 €/gab.</span>
            </div>
                    </div>
        <div class="infopop">
            <div class="in"><span></span>
                <div class="arrow_top"></div>
                <div class="arrow_bottom"></div>
            </div>
        </div>
    </div>
</div><div class="col-third offer-item">
    <div class="item bl_shadow product-243302   offer-2-l-pd-sku         " data-product-id="243302" data-timeout="5" data-dates-interval="10.02. - 16.02.2026." tabindex="0" role="button">
                                                    <div class="discount percents">
                                                                            <div class="percents_wrapper">
        <span class="sign">-</span><span class="value">30</span><span class="per">%</span>
    </div>
    <span class="vline"></span>
</div>                    		
        
        
        <div class="tags tags_primary bottom_icons">
                                                            
                                <div data-alt="Prece pieejama MAXIMA XX veikalos" class="tag tag-soap-3 tag-shops" style="background-image: url('/uploads/sale/piedavajums-speka-maxima-xx-veikalos-6057.png');                     ">
                </div>
                                                                            
                                <div data-alt="Prece pieejama MAXIMA XXX veikalos" class="tag tag-soap-4 tag-shops" style="background-image: url('/uploads/sale/piedavajums-speka-maxima-xxx-veikalos-3117.png');                     ">
                </div>
                            
                    </div>
        <div class="tags tags_primary info_icon">
            
    <div data-alt="Cena pie preces norādīta ar atlaidi.&lt;br&gt;Prece pieejama 10.02. - 16.02." class="tag i"></div>

        </div>

        <div class="info-notice">
            


                                                                            </div>

        <div class="img">
          <img alt="Veļas mazgāšanas un kopšanas līdzekļiem FELCE AZZURRA" src="/uploads/sale/2026/sales_page/02/09//velas-mazgasanas-un-kopsanas-lidzekliem-felce-azzurra-00060-0209103102.png?1770625862">
        </div>
        <div class="text   discount-type    ">
            <div class="title">Veļas mazgāšanas un kopšanas līdzekļiem FELCE AZZURRA</div>
            <div class="pack">
                <span class="ptitle"></span>
                <span class="price"> </span>
            </div>
                    </div>
        <div class="infopop">
            <div class="in"><span></span>
                <div class="arrow_top"></div>
                <div class="arrow_bottom"></div>
            </div>
        </div>
    </div>
</div><div class="col-third offer-item">
    <div class="item bl_shadow product-243303   offer-2-l-pd-sku         " data-product-id="243303" data-timeout="5" data-dates-interval="10.02. - 16.02.2026." tabindex="0" role="button">
                                                    <div class="discount percents">
                                                                            <div class="percents_wrapper">
        <span class="sign">-</span><span class="value">40</span><span class="per">%</span>
    </div>
    <span class="vline"></span>
</div>                    		
        
        
        <div class="tags tags_primary bottom_icons">
                                                            
                                <div data-alt="Prece pieejama MAXIMA XX veikalos" class="tag tag-soap-3 tag-shops" style="background-image: url('/uploads/sale/piedavajums-speka-maxima-xx-veikalos-6057.png');                     ">
                </div>
                                                                            
                                <div data-alt="Prece pieejama MAXIMA XXX veikalos" class="tag tag-soap-4 tag-shops" style="background-image: url('/uploads/sale/piedavajums-speka-maxima-xxx-veikalos-3117.png');                     ">
                </div>
                            
                    </div>
        <div class="tags tags_primary info_icon">
            
    <div data-alt="Cena pie preces norādīta ar atlaidi.&lt;br&gt;Prece pieejama 10.02. - 16.02." class="tag i"></div>

        </div>

        <div class="info-notice">
            


                                                                            </div>

        <div class="img">
          <img alt="Veļas kopšanas un sadzīves tīrīšanas līdzekļiem TRI BIO" src="/uploads/sale/2026/sales_page/02/09//velas-kopsanas-un-sadzives-tirisanas-lidzekliem-tri-bio-00061-0209103102.png?1770625862">
        </div>
        <div class="text   discount-type    ">
            <div class="title">Veļas kopšanas un sadzīves tīrīšanas līdzekļiem TRI BIO</div>
            <div class="pack">
                <span class="ptitle"></span>
                <span class="price"> </span>
            </div>
                    </div>
        <div class="infopop">
            <div class="in"><span></span>
                <div class="arrow_top"></div>
                <div class="arrow_bottom"></div>
            </div>
        </div>
    </div>
</div><div class="col-third offer-item">
    <div class="item bl_shadow product-243304   offer-2-l-sp-sku units-price        " data-product-id="243304" data-timeout="5" data-dates-interval="10.02. - 16.02.2026." tabindex="0" role="button">
                                                    <div class="discount price with-unit-price ">
                                                                                        <div class="bottom-icon with-unit-price">
                                    <span class="bottom-icon-item icon-51 " style="background-image: url('/uploads/sale/zemo-ceno-grozs-9876.png')" data-code="500">
                                                    <span class="sign">-</span>
                            <span class="value">50</span>
                            <span class="per">%</span>
                                            </span>
                            </div>
            
                    <div class="t1 with-unit-price ">
            <span class="value">9</span>
            <span class="cents">99</span>
            <span class="eur">€</span>
            <span class="unit-price">0,27 €/gab.</span>
        </div>
                    <div class="t2">
                <span class="value">19,99</span>
                <span class="eur">€</span>
            </div>
            <div class="t3 ">
                <span class="value">19</span>
                <span class="cents">99</span>
                <span class="eur">€</span>
                            </div>
            
    <span class="vline"></span>
</div>                    		
        
        
        <div class="tags tags_primary bottom_icons">
                                                            
                                <div data-alt="Prece pieejama MAXIMA XX veikalos" class="tag tag-soap-3 tag-shops" style="background-image: url('/uploads/sale/piedavajums-speka-maxima-xx-veikalos-6057.png');                     ">
                </div>
                                                                            
                                <div data-alt="Prece pieejama MAXIMA XXX veikalos" class="tag tag-soap-4 tag-shops" style="background-image: url('/uploads/sale/piedavajums-speka-maxima-xxx-veikalos-3117.png');                     ">
                </div>
                                            
                    </div>
        <div class="tags tags_primary info_icon">
            
    <div data-alt="Prece pieejama 10.02. - 16.02." class="tag i"></div>

        </div>

        <div class="info-notice">
            


                                                                                                        </div>

        <div class="img">
          <img alt="Veļas mazgāšanas kapsulas TIDE ALL IN 1 + FAIRY, 1 iepak./37 gab." src="/uploads/sale/2026/sales_page/02/09//velas-mazgasanas-kapsulas-tide-all-in-1-fairy-00062-0209103102.png?1770625862">
        </div>
        <div class="text       ">
            <div class="title">Veļas mazgāšanas kapsulas TIDE ALL IN 1 + FAIRY, 1 iepak./37 gab.</div>
            <div class="pack">
                <span class="ptitle"></span>
                <span class="price"> </span>
            </div>
                    </div>
        <div class="infopop">
            <div class="in"><span></span>
                <div class="arrow_top"></div>
                <div class="arrow_bottom"></div>
            </div>
        </div>
    </div>
</div><div class="col-third offer-item">
    <div class="item bl_shadow product-243305   offer-2-l-sp-sku units-price        " data-product-id="243305" data-timeout="5" data-dates-interval="10.02. - 16.02.2026." tabindex="0" role="button">
                                                    <div class="discount price with-unit-price ">
                                                                                        <div class="bottom-icon with-unit-price">
                                    <span class="bottom-icon-item icon-51 " style="background-image: url('/uploads/sale/zemo-ceno-grozs-9876.png')" data-code="500">
                                                    <span class="sign">-</span>
                            <span class="value">52</span>
                            <span class="per">%</span>
                                            </span>
                            </div>
            
                    <div class="t1 with-unit-price ">
            <span class="value">8</span>
            <span class="cents">59</span>
            <span class="eur">€</span>
            <span class="unit-price">1,91 €/l</span>
        </div>
                    <div class="t2">
                <span class="value">17,99</span>
                <span class="eur">€</span>
            </div>
            <div class="t3 ">
                <span class="value">17</span>
                <span class="cents">99</span>
                <span class="eur">€</span>
                            </div>
            
    <span class="vline"></span>
</div>                    		
        
        
        <div class="tags tags_primary bottom_icons">
                                                            
                                <div data-alt="Prece pieejama MAXIMA XX veikalos" class="tag tag-soap-3 tag-shops" style="background-image: url('/uploads/sale/piedavajums-speka-maxima-xx-veikalos-6057.png');                     ">
                </div>
                                                                            
                                <div data-alt="Prece pieejama MAXIMA XXX veikalos" class="tag tag-soap-4 tag-shops" style="background-image: url('/uploads/sale/piedavajums-speka-maxima-xxx-veikalos-3117.png');                     ">
                </div>
                                            
                    </div>
        <div class="tags tags_primary info_icon">
            
    <div data-alt="Prece pieejama 10.02. - 16.02." class="tag i"></div>

        </div>

        <div class="info-notice">
            


                                                                                                        </div>

        <div class="img">
          <img alt="Veļas mazgāšanas līdzeklis WOOLITE DARK vai FRUITY, 4,5 l/75 m.r." src="/uploads/sale/2026/sales_page/02/09//velas-mazgasanas-lidzeklis-woolite-dark-vai-fruity-00063-0209103102.png?1770625862">
        </div>
        <div class="text       ">
            <div class="title">Veļas mazgāšanas līdzeklis WOOLITE DARK vai FRUITY, 4,5 l/75 m.r.</div>
            <div class="pack">
                <span class="ptitle"></span>
                <span class="price"> </span>
            </div>
                    </div>
        <div class="infopop">
            <div class="in"><span></span>
                <div class="arrow_top"></div>
                <div class="arrow_bottom"></div>
            </div>
        </div>
    </div>
</div><div class="col-third offer-item">
    <div class="item bl_shadow product-243306   offer-2-l-sp-sku units-price        " data-product-id="243306" data-timeout="5" data-dates-interval="10.02. - 16.02.2026." tabindex="0" role="button">
                                                    <div class="discount price with-unit-price ">
                                                                                        <div class="bottom-icon with-unit-price">
                                    <span class="bottom-icon-item icon-51 " style="background-image: url('/uploads/sale/zemo-ceno-grozs-9876.png')" data-code="500">
                                                    <span class="sign">-</span>
                            <span class="value">53</span>
                            <span class="per">%</span>
                                            </span>
                            </div>
            
                    <div class="t1 with-unit-price ">
            <span class="value">8</span>
            <span class="cents">99</span>
            <span class="eur">€</span>
            <span class="unit-price">4,99 €/l</span>
        </div>
                    <div class="t2">
                <span class="value">18,99</span>
                <span class="eur">€</span>
            </div>
            <div class="t3 ">
                <span class="value">18</span>
                <span class="cents">99</span>
                <span class="eur">€</span>
                            </div>
            
    <span class="vline"></span>
</div>                    		
        
        
        <div class="tags tags_primary bottom_icons">
                                                            
                                <div data-alt="Prece pieejama MAXIMA XX veikalos" class="tag tag-soap-3 tag-shops" style="background-image: url('/uploads/sale/piedavajums-speka-maxima-xx-veikalos-6057.png');                     ">
                </div>
                                                                            
                                <div data-alt="Prece pieejama MAXIMA XXX veikalos" class="tag tag-soap-4 tag-shops" style="background-image: url('/uploads/sale/piedavajums-speka-maxima-xxx-veikalos-3117.png');                     ">
                </div>
                                            
                    </div>
        <div class="tags tags_primary info_icon">
            
    <div data-alt="Prece pieejama 10.02. - 16.02." class="tag i"></div>

        </div>

        <div class="info-notice">
            


                                                                                                        </div>

        <div class="img">
          <img alt="Veļas mazgāšanas līdzeklis MOOMIN UNIVERSAL vai COLOR, 1,8 l/51 m.r." src="/uploads/sale/2026/sales_page/02/09//velas-mazgasanas-lidzeklis-moomin-universal-vai-color-00064-0209103102.png?1770625862">
        </div>
        <div class="text       ">
            <div class="title">Veļas mazgāšanas līdzeklis MOOMIN UNIVERSAL vai COLOR, 1,8 l/51 m.r.</div>
            <div class="pack">
                <span class="ptitle"></span>
                <span class="price"> </span>
            </div>
                    </div>
        <div class="infopop">
            <div class="in"><span></span>
                <div class="arrow_top"></div>
                <div class="arrow_bottom"></div>
            </div>
        </div>
    </div>
</div><div class="col-third offer-item">
    <div class="item bl_shadow product-243307   offer-2-l-pd-sku         " data-product-id="243307" data-timeout="5" data-dates-interval="10.02. - 16.02.2026." tabindex="0" role="button">
                                                    <div class="discount percents">
                                                                            <div class="percents_wrapper">
        <span class="sign">-</span><span class="value">50</span><span class="per">%</span>
    </div>
    <span class="vline"></span>
</div>                    		
        
        
        <div class="tags tags_primary bottom_icons">
                                                            
                                <div data-alt="Prece pieejama MAXIMA XX veikalos" class="tag tag-soap-3 tag-shops" style="background-image: url('/uploads/sale/piedavajums-speka-maxima-xx-veikalos-6057.png');                     ">
                </div>
                                                                            
                                <div data-alt="Prece pieejama MAXIMA XXX veikalos" class="tag tag-soap-4 tag-shops" style="background-image: url('/uploads/sale/piedavajums-speka-maxima-xxx-veikalos-3117.png');                     ">
                </div>
                            
                    </div>
        <div class="tags tags_primary info_icon">
            
    <div data-alt="Cena pie preces norādīta ar atlaidi.&lt;br&gt;Prece pieejama 10.02. - 16.02." class="tag i"></div>

        </div>

        <div class="info-notice">
            


                                                                            </div>

        <div class="img">
          <img alt="Veļas mīkstinātājiem TESORI D'ORIENTE" src="/uploads/sale/2026/sales_page/02/09//velas-mikstinatajiem-tesori-d-oriente-00065-0209103104.png?1770625864">
        </div>
        <div class="text   discount-type    ">
            <div class="title">Veļas mīkstinātājiem TESORI D'ORIENTE</div>
            <div class="pack">
                <span class="ptitle"></span>
                <span class="price"> </span>
            </div>
                    </div>
        <div class="infopop">
            <div class="in"><span></span>
                <div class="arrow_top"></div>
                <div class="arrow_bottom"></div>
            </div>
        </div>
    </div>
</div><div class="col-third offer-item">
    <div class="item bl_shadow product-243127   offer-2-l-pd-sku-lidz         " data-product-id="243127" data-timeout="5" data-dates-interval="10.02. - 16.02.2026." tabindex="0" role="button">
                                                    <div class="discount percents">
            <div class="percents_wrapper">
        <span class="sign">-</span><span class="value">40</span><span class="per">%</span>
    </div>
    <span class="vline"></span>
</div>                    		
        
        
        <div class="tags tags_primary bottom_icons">
            
                    </div>
        <div class="tags tags_primary info_icon">
            
    <div data-alt="Cena pie preces norādīta ar atlaidi.&lt;br&gt;Prece pieejama 10.02. - 16.02." class="tag i"></div>

        </div>

        <div class="info-notice">
            


                    </div>

        <div class="img">
          <img alt="Sadzīves tīrīšanas līdzekļiem SEAL" src="/uploads/sale/2026/sales_page/02/09//sadzives-tirisanas-lidzekliem-seal-00081-0209103029.png?1770625829">
        </div>
        <div class="text   discount-type    ">
            <div class="title">Sadzīves tīrīšanas līdzekļiem SEAL</div>
            <div class="pack">
                <span class="ptitle"></span>
                <span class="price"> </span>
            </div>
                    </div>
        <div class="infopop">
            <div class="in"><span></span>
                <div class="arrow_top"></div>
                <div class="arrow_bottom"></div>
            </div>
        </div>
    </div>
</div><div class="col-third offer-item">
    <div class="item bl_shadow product-243128   offer-2-l-sp-sku units-price        " data-product-id="243128" data-timeout="5" data-dates-interval="10.02. - 16.02.2026." tabindex="0" role="button">
                                                    <div class="discount price with-unit-price ">
                                                                                        <div class="bottom-icon with-unit-price">
                                    <span class="bottom-icon-item icon-51 " style="background-image: url('/uploads/sale/zemo-ceno-grozs-9876.png')" data-code="500">
                                                    <span class="sign">-</span>
                            <span class="value">53</span>
                            <span class="per">%</span>
                                            </span>
                            </div>
            
                    <div class="t1 with-unit-price ">
            <span class="value">3</span>
            <span class="cents">29</span>
            <span class="eur">€</span>
            <span class="unit-price">4,39 €/l</span>
        </div>
                    <div class="t2">
                <span class="value">6,99</span>
                <span class="eur">€</span>
            </div>
            <div class="t3 ">
                <span class="value">6</span>
                <span class="cents">99</span>
                <span class="eur">€</span>
                            </div>
            
    <span class="vline"></span>
</div>                    		
        
        
        <div class="tags tags_primary bottom_icons">
                                                            
                                <div data-alt="Prece pieejama MAXIMA XX veikalos" class="tag tag-soap-3 tag-shops" style="background-image: url('/uploads/sale/piedavajums-speka-maxima-xx-veikalos-6057.png');                     ">
                </div>
                                                                            
                                <div data-alt="Prece pieejama MAXIMA XXX veikalos" class="tag tag-soap-4 tag-shops" style="background-image: url('/uploads/sale/piedavajums-speka-maxima-xxx-veikalos-3117.png');                     ">
                </div>
                                            
                    </div>
        <div class="tags tags_primary info_icon">
            
    <div data-alt="Prece pieejama 10.02. - 16.02." class="tag i"></div>

        </div>

        <div class="info-notice">
            


                                                                                                        </div>

        <div class="img">
          <img alt="Tīrīšanas līdzeklis KH-7, 750 ml, trīs veidi" src="/uploads/sale/2026/sales_page/02/09//tirisanas-lidzeklis-kh-7-00082-0209103029.png?1770625829">
        </div>
        <div class="text       ">
            <div class="title">Tīrīšanas līdzeklis KH-7, 750 ml, trīs veidi</div>
            <div class="pack">
                <span class="ptitle"></span>
                <span class="price"> </span>
            </div>
                    </div>
        <div class="infopop">
            <div class="in"><span></span>
                <div class="arrow_top"></div>
                <div class="arrow_bottom"></div>
            </div>
        </div>
    </div>
</div><div class="col-third offer-item">
    <div class="item bl_shadow product-243129   offer-2-l-pd-sku-lidz         " data-product-id="243129" data-timeout="5" data-dates-interval="10.02. - 16.02.2026." tabindex="0" role="button">
                                                    <div class="discount percents">
                                                                            <div class="percents_wrapper">
        <span class="sign">-</span><span class="value">60</span><span class="per">%</span>
    </div>
    <span class="vline"></span>
</div>                    		
        
        
        <div class="tags tags_primary bottom_icons">
                                                            
                                <div data-alt="Prece pieejama MAXIMA XX veikalos" class="tag tag-soap-3 tag-shops" style="background-image: url('/uploads/sale/piedavajums-speka-maxima-xx-veikalos-6057.png');                     ">
                </div>
                                                                            
                                <div data-alt="Prece pieejama MAXIMA XXX veikalos" class="tag tag-soap-4 tag-shops" style="background-image: url('/uploads/sale/piedavajums-speka-maxima-xxx-veikalos-3117.png');                     ">
                </div>
                            
                    </div>
        <div class="tags tags_primary info_icon">
            
    <div data-alt="Cena pie preces norādīta ar atlaidi.&lt;br&gt;Prece pieejama 10.02. - 16.02." class="tag i"></div>

        </div>

        <div class="info-notice">
            


                                                                            </div>

        <div class="img">
          <img alt="Trauku mazgājamās mašīnas kapsulām FAIRY" src="/uploads/sale/2026/sales_page/02/09//trauku-mazgajamas-masinas-kapsulam-fairy-00083-0209103029.png?1770625829">
        </div>
        <div class="text   discount-type    ">
            <div class="title">Trauku mazgājamās mašīnas kapsulām FAIRY</div>
            <div class="pack">
                <span class="ptitle"></span>
                <span class="price"> </span>
            </div>
                    </div>
        <div class="infopop">
            <div class="in"><span></span>
                <div class="arrow_top"></div>
                <div class="arrow_bottom"></div>
            </div>
        </div>
    </div>
</div><div class="col-third offer-item">
    <div class="item bl_shadow product-243130   offer-2-l-pd-sku-lidz         " data-product-id="243130" data-timeout="5" data-dates-interval="10.02. - 16.02.2026." tabindex="0" role="button">
                                                    <div class="discount percents">
                                                                            <div class="percents_wrapper">
        <span class="sign">-</span><span class="value">50</span><span class="per">%</span>
    </div>
    <span class="vline"></span>
</div>                    		
        
        
        <div class="tags tags_primary bottom_icons">
                                                            
                                <div data-alt="Prece pieejama MAXIMA XX veikalos" class="tag tag-soap-3 tag-shops" style="background-image: url('/uploads/sale/piedavajums-speka-maxima-xx-veikalos-6057.png');                     ">
                </div>
                                                                            
                                <div data-alt="Prece pieejama MAXIMA XXX veikalos" class="tag tag-soap-4 tag-shops" style="background-image: url('/uploads/sale/piedavajums-speka-maxima-xxx-veikalos-3117.png');                     ">
                </div>
                            
                    </div>
        <div class="tags tags_primary info_icon">
            
    <div data-alt="Cena pie preces norādīta ar atlaidi.&lt;br&gt;Prece pieejama 10.02. - 16.02." class="tag i"></div>

        </div>

        <div class="info-notice">
            


                                                                            </div>

        <div class="img">
          <img alt="Trauku mazgājamās mašīnas kapsulām un želejām FINISH" src="/uploads/sale/2026/sales_page/02/09//trauku-mazgajamas-masinas-kapsulam-un-zelejam-finish-00084-0209103029.png?1770625829">
        </div>
        <div class="text   discount-type    ">
            <div class="title">Trauku mazgājamās mašīnas kapsulām un želejām FINISH</div>
            <div class="pack">
                <span class="ptitle"></span>
                <span class="price"> </span>
            </div>
                    </div>
        <div class="infopop">
            <div class="in"><span></span>
                <div class="arrow_top"></div>
                <div class="arrow_bottom"></div>
            </div>
        </div>
    </div>
</div><div class="col-third offer-item">
    <div class="item bl_shadow product-243131   offer-2-l-pd-sku         " data-product-id="243131" data-timeout="5" data-dates-interval="10.02. - 16.02.2026." tabindex="0" role="button">
                                                    <div class="discount percents">
                                                                            <div class="percents_wrapper">
        <span class="sign">-</span><span class="value">45</span><span class="per">%</span>
    </div>
    <span class="vline"></span>
</div>                    		
        
        
        <div class="tags tags_primary bottom_icons">
                                                            
                                <div data-alt="Prece pieejama MAXIMA XX veikalos" class="tag tag-soap-3 tag-shops" style="background-image: url('/uploads/sale/piedavajums-speka-maxima-xx-veikalos-6057.png');                     ">
                </div>
                                                                            
                                <div data-alt="Prece pieejama MAXIMA XXX veikalos" class="tag tag-soap-4 tag-shops" style="background-image: url('/uploads/sale/piedavajums-speka-maxima-xxx-veikalos-3117.png');                     ">
                </div>
                            
                    </div>
        <div class="tags tags_primary info_icon">
            
    <div data-alt="Cena pie preces norādīta ar atlaidi.&lt;br&gt;Prece pieejama 10.02. - 16.02." class="tag i"></div>

        </div>

        <div class="info-notice">
            


                                                                            </div>

        <div class="img">
          <img alt="Trauku mazgājamās mašīnas līdzekļiem SOMAT" src="/uploads/sale/2026/sales_page/02/09//trauku-mazgajamas-masinas-lidzekliem-somat-00085-0209103029.png?1770625829">
        </div>
        <div class="text   discount-type    ">
            <div class="title">Trauku mazgājamās mašīnas līdzekļiem SOMAT</div>
            <div class="pack">
                <span class="ptitle"></span>
                <span class="price"> </span>
            </div>
                    </div>
        <div class="infopop">
            <div class="in"><span></span>
                <div class="arrow_top"></div>
                <div class="arrow_bottom"></div>
            </div>
        </div>
    </div>
</div><div class="col-third offer-item">
    <div class="item bl_shadow product-243132   offer-2-l-pd-sku-lidz         " data-product-id="243132" data-timeout="5" data-dates-interval="10.02. - 16.02.2026." tabindex="0" role="button">
                                                    <div class="discount percents">
            <div class="percents_wrapper">
        <span class="sign">-</span><span class="value">45</span><span class="per">%</span>
    </div>
    <span class="vline"></span>
</div>                    		
        
        
        <div class="tags tags_primary bottom_icons">
            
                    </div>
        <div class="tags tags_primary info_icon">
            
    <div data-alt="Cena pie preces norādīta ar atlaidi.&lt;br&gt;Prece pieejama 10.02. - 16.02." class="tag i"></div>

        </div>

        <div class="info-notice">
            


                    </div>

        <div class="img">
          <img alt="Trauku mazgāšanas želejām FAIRY" src="/uploads/sale/2026/sales_page/02/09//trauku-mazgasanas-zelejam-fairy-00086-0209103029.png?1770625829">
        </div>
        <div class="text   discount-type    ">
            <div class="title">Trauku mazgāšanas želejām FAIRY</div>
            <div class="pack">
                <span class="ptitle"></span>
                <span class="price"> </span>
            </div>
                    </div>
        <div class="infopop">
            <div class="in"><span></span>
                <div class="arrow_top"></div>
                <div class="arrow_bottom"></div>
            </div>
        </div>
    </div>
</div><div class="col-third offer-item">
    <div class="item bl_shadow product-243133   offer-2-l-pd-sku         " data-product-id="243133" data-timeout="5" data-dates-interval="10.02. - 16.02.2026." tabindex="0" role="button">
                                                    <div class="discount percents">
                                            <div class="percents_wrapper">
        <span class="sign">-</span><span class="value">40</span><span class="per">%</span>
    </div>
    <span class="vline"></span>
</div>                    		
        
        
        <div class="tags tags_primary bottom_icons">
                                                            
                                <div data-alt="Prece pieejama MAXIMA XXX veikalos" class="tag tag-soap-4 tag-shops" style="background-image: url('/uploads/sale/piedavajums-speka-maxima-xxx-veikalos-3117.png');                     ">
                </div>
                            
                    </div>
        <div class="tags tags_primary info_icon">
            
    <div data-alt="Cena pie preces norādīta ar atlaidi.&lt;br&gt;Prece pieejama 10.02. - 16.02." class="tag i"></div>

        </div>

        <div class="info-notice">
            


                                                </div>

        <div class="img">
          <img alt="Trauku mazgājamās mašīnas kopšanas līdzekļiem FINISH" src="/uploads/sale/2026/sales_page/02/09//trauku-mazgajamas-masinas-kopsanas-lidzekliem-finish-00087-0209103029.png?1770625829">
        </div>
        <div class="text   discount-type    ">
            <div class="title">Trauku mazgājamās mašīnas kopšanas līdzekļiem FINISH</div>
            <div class="pack">
                <span class="ptitle"></span>
                <span class="price"> </span>
            </div>
                    </div>
        <div class="infopop">
            <div class="in"><span></span>
                <div class="arrow_top"></div>
                <div class="arrow_bottom"></div>
            </div>
        </div>
    </div>
</div><div class="col-third offer-item">
    <div class="item bl_shadow product-243134   offer-2-l-sp-sku         " data-product-id="243134" data-timeout="5" data-dates-interval="10.02. - 16.02.2026." tabindex="0" role="button">
                                                    <div class="discount price  ">
                                                        <div class="bottom-icon ">
                                    <span class="bottom-icon-item icon-51 " style="background-image: url('/uploads/sale/zemo-ceno-grozs-9876.png')" data-code="500">
                                                    <span class="sign">-</span>
                            <span class="value">28</span>
                            <span class="per">%</span>
                                            </span>
                            </div>
            
                    <div class="t1  ">
            <span class="value">1</span>
            <span class="cents">79</span>
            <span class="eur">€</span>
            <span class="unit-price"></span>
        </div>
                    <div class="t2">
                <span class="value">2,49</span>
                <span class="eur">€</span>
            </div>
            <div class="t3 ">
                <span class="value">2</span>
                <span class="cents">49</span>
                <span class="eur">€</span>
                            </div>
            
    <span class="vline"></span>
</div>                    		
        
        
        <div class="tags tags_primary bottom_icons">
                                                            
                                <div data-alt="Latvijas produkts" class="tag tag-soap-6 " style="background-image: url('/uploads/sale/latvijas-produkts-3559.png');                     ">
                </div>
                                            
                    </div>
        <div class="tags tags_primary info_icon">
            
    <div data-alt="Prece pieejama 10.02. - 16.02." class="tag i"></div>

        </div>

        <div class="info-notice">
            


                                                                            </div>

        <div class="img">
          <img alt="Cauruļu attīrīšanas līdzeklis KURMIS, 1 l" src="/uploads/sale/2026/sales_page/02/09//caurulu-attirisanas-lidzeklis-kurmis-00088-0209103029.png?1770625829">
        </div>
        <div class="text       ">
            <div class="title">Cauruļu attīrīšanas līdzeklis KURMIS, 1 l</div>
            <div class="pack">
                <span class="ptitle"></span>
                <span class="price"> </span>
            </div>
                    </div>
        <div class="infopop">
            <div class="in"><span></span>
                <div class="arrow_top"></div>
                <div class="arrow_bottom"></div>
            </div>
        </div>
    </div>
</div><div class="col-third offer-item">
    <div class="item bl_shadow product-243135   offer-2-l-pd-sku         " data-product-id="243135" data-timeout="5" data-dates-interval="10.02. - 16.02.2026." tabindex="0" role="button">
                                                    <div class="discount percents">
                                                                            <div class="percents_wrapper">
        <span class="sign">-</span><span class="value">45</span><span class="per">%</span>
    </div>
    <span class="vline"></span>
</div>                    		
        
        
        <div class="tags tags_primary bottom_icons">
                                                            
                                <div data-alt="Prece pieejama MAXIMA XX veikalos" class="tag tag-soap-3 tag-shops" style="background-image: url('/uploads/sale/piedavajums-speka-maxima-xx-veikalos-6057.png');                     ">
                </div>
                                                                            
                                <div data-alt="Prece pieejama MAXIMA XXX veikalos" class="tag tag-soap-4 tag-shops" style="background-image: url('/uploads/sale/piedavajums-speka-maxima-xxx-veikalos-3117.png');                     ">
                </div>
                            
                    </div>
        <div class="tags tags_primary info_icon">
            
    <div data-alt="Cena pie preces norādīta ar atlaidi.&lt;br&gt;Prece pieejama 10.02. - 16.02." class="tag i"></div>

        </div>

        <div class="info-notice">
            


                                                                            </div>

        <div class="img">
          <img alt="Gaisa atsvaidzinātājiem AMBI PUR" src="/uploads/sale/2026/sales_page/02/09//gaisa-atsvaidzinatajiem-ambi-pur-00089-0209103029.png?1770625829">
        </div>
        <div class="text   discount-type    ">
            <div class="title">Gaisa atsvaidzinātājiem AMBI PUR</div>
            <div class="pack">
                <span class="ptitle"></span>
                <span class="price"> </span>
            </div>
                    </div>
        <div class="infopop">
            <div class="in"><span></span>
                <div class="arrow_top"></div>
                <div class="arrow_bottom"></div>
            </div>
        </div>
    </div>
</div><div class="col-third offer-item">
    <div class="item bl_shadow product-243136   offer-2-l-pd-sku         " data-product-id="243136" data-timeout="5" data-dates-interval="10.02. - 16.02.2026." tabindex="0" role="button">
                                                    <div class="discount percents">
                                                                            <div class="percents_wrapper">
        <span class="sign">-</span><span class="value">45</span><span class="per">%</span>
    </div>
    <span class="vline"></span>
</div>                    		
        
        
        <div class="tags tags_primary bottom_icons">
                                                            
                                <div data-alt="Prece pieejama MAXIMA XX veikalos" class="tag tag-soap-3 tag-shops" style="background-image: url('/uploads/sale/piedavajums-speka-maxima-xx-veikalos-6057.png');                     ">
                </div>
                                                                            
                                <div data-alt="Prece pieejama MAXIMA XXX veikalos" class="tag tag-soap-4 tag-shops" style="background-image: url('/uploads/sale/piedavajums-speka-maxima-xxx-veikalos-3117.png');                     ">
                </div>
                            
                    </div>
        <div class="tags tags_primary info_icon">
            
    <div data-alt="Cena pie preces norādīta ar atlaidi.&lt;br&gt;Prece pieejama 10.02. - 16.02." class="tag i"></div>

        </div>

        <div class="info-notice">
            


                                                                            </div>

        <div class="img">
          <img alt="Gaisa atsvaidzinātājiem AIRWICK" src="/uploads/sale/2026/sales_page/02/09//gaisa-atsvaidzinatajiem-airwick-00090-0209103029.png?1770625829">
        </div>
        <div class="text   discount-type    ">
            <div class="title">Gaisa atsvaidzinātājiem AIRWICK</div>
            <div class="pack">
                <span class="ptitle"></span>
                <span class="price"> </span>
            </div>
                    </div>
        <div class="infopop">
            <div class="in"><span></span>
                <div class="arrow_top"></div>
                <div class="arrow_bottom"></div>
            </div>
        </div>
    </div>
</div><div class="col-third offer-item">
    <div class="item bl_shadow product-243147   offer-2-l-pd-sku         " data-product-id="243147" data-timeout="5" data-dates-interval="10.02. - 16.02.2026." tabindex="0" role="button">
                                                    <div class="discount percents">
                                                                            <div class="percents_wrapper">
        <span class="sign">-</span><span class="value">35</span><span class="per">%</span>
    </div>
    <span class="vline"></span>
</div>                    		
        
        
        <div class="tags tags_primary bottom_icons">
                                                            
                                <div data-alt="Prece pieejama MAXIMA XX veikalos" class="tag tag-soap-3 tag-shops" style="background-image: url('/uploads/sale/piedavajums-speka-maxima-xx-veikalos-6057.png');                     ">
                </div>
                                                                            
                                <div data-alt="Prece pieejama MAXIMA XXX veikalos" class="tag tag-soap-4 tag-shops" style="background-image: url('/uploads/sale/piedavajums-speka-maxima-xxx-veikalos-3117.png');                     ">
                </div>
                            
                    </div>
        <div class="tags tags_primary info_icon">
            
    <div data-alt="Cena pie preces norādīta ar atlaidi.&lt;br&gt;Prece pieejama 10.02. - 16.02." class="tag i"></div>

        </div>

        <div class="info-notice">
            


                                                                            </div>

        <div class="img">
          <img alt="Sadzīves tīrīšanas līdzekļiem un gaisa atsvaidzinātājiem SANO" src="/uploads/sale/2026/sales_page/02/09//sadzives-tirisanas-lidzekliem-un-gaisa-atsvaidzinatajiem-sano-00091-0209103032.png?1770625832">
        </div>
        <div class="text   discount-type    ">
            <div class="title">Sadzīves tīrīšanas līdzekļiem un gaisa atsvaidzinātājiem SANO</div>
            <div class="pack">
                <span class="ptitle"></span>
                <span class="price"> </span>
            </div>
                    </div>
        <div class="infopop">
            <div class="in"><span></span>
                <div class="arrow_top"></div>
                <div class="arrow_bottom"></div>
            </div>
        </div>
    </div>
</div><div class="col-third offer-item">
    <div class="item bl_shadow product-243148   offer-2-l-pd-sku-lidz         " data-product-id="243148" data-timeout="5" data-dates-interval="10.02. - 16.02.2026." tabindex="0" role="button">
                                                    <div class="discount percents">
            <div class="percents_wrapper">
        <span class="sign">-</span><span class="value">60</span><span class="per">%</span>
    </div>
    <span class="vline"></span>
</div>                    		
        
        
        <div class="tags tags_primary bottom_icons">
            
                    </div>
        <div class="tags tags_primary info_icon">
            
    <div data-alt="Cena pie preces norādīta ar atlaidi.&lt;br&gt;Prece pieejama 10.02. - 16.02." class="tag i"></div>

        </div>

        <div class="info-notice">
            


                    </div>

        <div class="img">
          <img alt="Tualetes tīrīšanas želejām un putām DOMESTOS" src="/uploads/sale/2026/sales_page/02/09//tualetes-tirisanas-zelejam-un-putam-domestos-00092-0209103032.png?1770625832">
        </div>
        <div class="text   discount-type    ">
            <div class="title">Tualetes tīrīšanas želejām un putām DOMESTOS</div>
            <div class="pack">
                <span class="ptitle"></span>
                <span class="price"> </span>
            </div>
                    </div>
        <div class="infopop">
            <div class="in"><span></span>
                <div class="arrow_top"></div>
                <div class="arrow_bottom"></div>
            </div>
        </div>
    </div>
</div><div class="col-third offer-item">
    <div class="item bl_shadow product-243149   offer-2-l-pd-sku         " data-product-id="243149" data-timeout="5" data-dates-interval="10.02. - 16.02.2026." tabindex="0" role="button">
                                                    <div class="discount percents">
            <div class="percents_wrapper">
        <span class="sign">-</span><span class="value">40</span><span class="per">%</span>
    </div>
    <span class="vline"></span>
</div>                    		
        
        
        <div class="tags tags_primary bottom_icons">
            
                    </div>
        <div class="tags tags_primary info_icon">
            
    <div data-alt="Cena pie preces norādīta ar atlaidi.&lt;br&gt;Prece pieejama 10.02. - 16.02." class="tag i"></div>

        </div>

        <div class="info-notice">
            


                    </div>

        <div class="img">
          <img alt="Tualetes tīrīšanas līdzekļiem BREF" src="/uploads/sale/2026/sales_page/02/09//tualetes-tirisanas-lidzekliem-bref-00093-0209103032.png?1770625832">
        </div>
        <div class="text   discount-type    ">
            <div class="title">Tualetes tīrīšanas līdzekļiem BREF</div>
            <div class="pack">
                <span class="ptitle"></span>
                <span class="price"> </span>
            </div>
                    </div>
        <div class="infopop">
            <div class="in"><span></span>
                <div class="arrow_top"></div>
                <div class="arrow_bottom"></div>
            </div>
        </div>
    </div>
</div><div class="col-third offer-item">
    <div class="item bl_shadow product-243150   offer-2-l-pd-sku         " data-product-id="243150" data-timeout="5" data-dates-interval="10.02. - 16.02.2026." tabindex="0" role="button">
                                                    <div class="discount percents">
                                                                                                            <div class="percents_wrapper">
        <span class="sign">-</span><span class="value">50</span><span class="per">%</span>
    </div>
    <span class="vline"></span>
</div>                    		
        
        
        <div class="tags tags_primary bottom_icons">
                                                            
                                <div data-alt="Prece pieejama MAXIMA XX veikalos" class="tag tag-soap-3 tag-shops" style="background-image: url('/uploads/sale/piedavajums-speka-maxima-xx-veikalos-6057.png');                     ">
                </div>
                                                                            
                                <div data-alt="Prece pieejama MAXIMA XXX veikalos" class="tag tag-soap-4 tag-shops" style="background-image: url('/uploads/sale/piedavajums-speka-maxima-xxx-veikalos-3117.png');                     ">
                </div>
                                                                            
                                <div data-alt="Latvijas produkts" class="tag tag-soap-6 " style="background-image: url('/uploads/sale/latvijas-produkts-3559.png');                     ">
                </div>
                            
                    </div>
        <div class="tags tags_primary info_icon">
            
    <div data-alt="Cena pie preces norādīta ar atlaidi.&lt;br&gt;Prece pieejama 10.02. - 16.02." class="tag i"></div>

        </div>

        <div class="info-notice">
            


                                                                                                        </div>

        <div class="img">
          <img alt="Tualetes tīrīšanas želejām SEAL" src="/uploads/sale/2026/sales_page/02/09//tualetes-tirisanas-zelejam-seal-00094-0209103032.png?1770625832">
        </div>
        <div class="text   discount-type    ">
            <div class="title">Tualetes tīrīšanas želejām SEAL</div>
            <div class="pack">
                <span class="ptitle"></span>
                <span class="price"> </span>
            </div>
                    </div>
        <div class="infopop">
            <div class="in"><span></span>
                <div class="arrow_top"></div>
                <div class="arrow_bottom"></div>
            </div>
        </div>
    </div>
</div><div class="col-third offer-item">
    <div class="item bl_shadow product-243151   offer-2-l-pd-sku-lidz         " data-product-id="243151" data-timeout="5" data-dates-interval="10.02. - 16.02.2026." tabindex="0" role="button">
                                                    <div class="discount percents">
                                                                            <div class="percents_wrapper">
        <span class="sign">-</span><span class="value">50</span><span class="per">%</span>
    </div>
    <span class="vline"></span>
</div>                    		
        
        
        <div class="tags tags_primary bottom_icons">
                                                            
                                <div data-alt="Prece pieejama MAXIMA XX veikalos" class="tag tag-soap-3 tag-shops" style="background-image: url('/uploads/sale/piedavajums-speka-maxima-xx-veikalos-6057.png');                     ">
                </div>
                                                                            
                                <div data-alt="Prece pieejama MAXIMA XXX veikalos" class="tag tag-soap-4 tag-shops" style="background-image: url('/uploads/sale/piedavajums-speka-maxima-xxx-veikalos-3117.png');                     ">
                </div>
                            
                    </div>
        <div class="tags tags_primary info_icon">
            
    <div data-alt="Cena pie preces norādīta ar atlaidi.&lt;br&gt;Prece pieejama 10.02. - 16.02." class="tag i"></div>

        </div>

        <div class="info-notice">
            


                                                                            </div>

        <div class="img">
          <img alt="Tualetes blokiem DOMESTOS" src="/uploads/sale/2026/sales_page/02/09//tualetes-blokiem-domestos-00095-0209103032.png?1770625832">
        </div>
        <div class="text   discount-type    ">
            <div class="title">Tualetes blokiem DOMESTOS</div>
            <div class="pack">
                <span class="ptitle"></span>
                <span class="price"> </span>
            </div>
                    </div>
        <div class="infopop">
            <div class="in"><span></span>
                <div class="arrow_top"></div>
                <div class="arrow_bottom"></div>
            </div>
        </div>
    </div>
</div><div class="col-third offer-item">
    <div class="item bl_shadow product-243127   offer-2-l-pd-sku-lidz         " data-product-id="243127" data-timeout="5" data-dates-interval="10.02. - 16.02.2026." tabindex="0" role="button">
                                                    <div class="discount percents">
            <div class="percents_wrapper">
        <span class="sign">-</span><span class="value">40</span><span class="per">%</span>
    </div>
    <span class="vline"></span>
</div>                    		
        
        
        <div class="tags tags_primary bottom_icons">
            
                    </div>
        <div class="tags tags_primary info_icon">
            
    <div data-alt="Cena pie preces norādīta ar atlaidi.&lt;br&gt;Prece pieejama 10.02. - 16.02." class="tag i"></div>

        </div>

        <div class="info-notice">
            


                    </div>

        <div class="img">
          <img alt="Sadzīves tīrīšanas līdzekļiem SEAL" src="/uploads/sale/2026/sales_page/02/09//sadzives-tirisanas-lidzekliem-seal-00081-0209103029.png?1770625829">
        </div>
        <div class="text   discount-type    ">
            <div class="title">Sadzīves tīrīšanas līdzekļiem SEAL</div>
            <div class="pack">
                <span class="ptitle"></span>
                <span class="price"> </span>
            </div>
                    </div>
        <div class="infopop">
            <div class="in"><span></span>
                <div class="arrow_top"></div>
                <div class="arrow_bottom"></div>
            </div>
        </div>
    </div>
</div><div class="col-third offer-item">
    <div class="item bl_shadow product-243128   offer-2-l-sp-sku units-price        " data-product-id="243128" data-timeout="5" data-dates-interval="10.02. - 16.02.2026." tabindex="0" role="button">
                                                    <div class="discount price with-unit-price ">
                                                                                        <div class="bottom-icon with-unit-price">
                                    <span class="bottom-icon-item icon-51 " style="background-image: url('/uploads/sale/zemo-ceno-grozs-9876.png')" data-code="500">
                                                    <span class="sign">-</span>
                            <span class="value">53</span>
                            <span class="per">%</span>
                                            </span>
                            </div>
            
                    <div class="t1 with-unit-price ">
            <span class="value">3</span>
            <span class="cents">29</span>
            <span class="eur">€</span>
            <span class="unit-price">4,39 €/l</span>
        </div>
                    <div class="t2">
                <span class="value">6,99</span>
                <span class="eur">€</span>
            </div>
            <div class="t3 ">
                <span class="value">6</span>
                <span class="cents">99</span>
                <span class="eur">€</span>
                            </div>
            
    <span class="vline"></span>
</div>                    		
        
        
        <div class="tags tags_primary bottom_icons">
                                                            
                                <div data-alt="Prece pieejama MAXIMA XX veikalos" class="tag tag-soap-3 tag-shops" style="background-image: url('/uploads/sale/piedavajums-speka-maxima-xx-veikalos-6057.png');                     ">
                </div>
                                                                            
                                <div data-alt="Prece pieejama MAXIMA XXX veikalos" class="tag tag-soap-4 tag-shops" style="background-image: url('/uploads/sale/piedavajums-speka-maxima-xxx-veikalos-3117.png');                     ">
                </div>
                                            
                    </div>
        <div class="tags tags_primary info_icon">
            
    <div data-alt="Prece pieejama 10.02. - 16.02." class="tag i"></div>

        </div>

        <div class="info-notice">
            


                                                                                                        </div>

        <div class="img">
          <img alt="Tīrīšanas līdzeklis KH-7, 750 ml, trīs veidi" src="/uploads/sale/2026/sales_page/02/09//tirisanas-lidzeklis-kh-7-00082-0209103029.png?1770625829">
        </div>
        <div class="text       ">
            <div class="title">Tīrīšanas līdzeklis KH-7, 750 ml, trīs veidi</div>
            <div class="pack">
                <span class="ptitle"></span>
                <span class="price"> </span>
            </div>
                    </div>
        <div class="infopop">
            <div class="in"><span></span>
                <div class="arrow_top"></div>
                <div class="arrow_bottom"></div>
            </div>
        </div>
    </div>
</div><div class="col-third offer-item">
    <div class="item bl_shadow product-243129   offer-2-l-pd-sku-lidz         " data-product-id="243129" data-timeout="5" data-dates-interval="10.02. - 16.02.2026." tabindex="0" role="button">
                                                    <div class="discount percents">
                                                                            <div class="percents_wrapper">
        <span class="sign">-</span><span class="value">60</span><span class="per">%</span>
    </div>
    <span class="vline"></span>
</div>                    		
        
        
        <div class="tags tags_primary bottom_icons">
                                                            
                                <div data-alt="Prece pieejama MAXIMA XX veikalos" class="tag tag-soap-3 tag-shops" style="background-image: url('/uploads/sale/piedavajums-speka-maxima-xx-veikalos-6057.png');                     ">
                </div>
                                                                            
                                <div data-alt="Prece pieejama MAXIMA XXX veikalos" class="tag tag-soap-4 tag-shops" style="background-image: url('/uploads/sale/piedavajums-speka-maxima-xxx-veikalos-3117.png');                     ">
                </div>
                            
                    </div>
        <div class="tags tags_primary info_icon">
            
    <div data-alt="Cena pie preces norādīta ar atlaidi.&lt;br&gt;Prece pieejama 10.02. - 16.02." class="tag i"></div>

        </div>

        <div class="info-notice">
            


                                                                            </div>

        <div class="img">
          <img alt="Trauku mazgājamās mašīnas kapsulām FAIRY" src="/uploads/sale/2026/sales_page/02/09//trauku-mazgajamas-masinas-kapsulam-fairy-00083-0209103029.png?1770625829">
        </div>
        <div class="text   discount-type    ">
            <div class="title">Trauku mazgājamās mašīnas kapsulām FAIRY</div>
            <div class="pack">
                <span class="ptitle"></span>
                <span class="price"> </span>
            </div>
                    </div>
        <div class="infopop">
            <div class="in"><span></span>
                <div class="arrow_top"></div>
                <div class="arrow_bottom"></div>
            </div>
        </div>
    </div>
</div><div class="col-third offer-item">
    <div class="item bl_shadow product-243130   offer-2-l-pd-sku-lidz         " data-product-id="243130" data-timeout="5" data-dates-interval="10.02. - 16.02.2026." tabindex="0" role="button">
                                                    <div class="discount percents">
                                                                            <div class="percents_wrapper">
        <span class="sign">-</span><span class="value">50</span><span class="per">%</span>
    </div>
    <span class="vline"></span>
</div>                    		
        
        
        <div class="tags tags_primary bottom_icons">
                                                            
                                <div data-alt="Prece pieejama MAXIMA XX veikalos" class="tag tag-soap-3 tag-shops" style="background-image: url('/uploads/sale/piedavajums-speka-maxima-xx-veikalos-6057.png');                     ">
                </div>
                                                                            
                                <div data-alt="Prece pieejama MAXIMA XXX veikalos" class="tag tag-soap-4 tag-shops" style="background-image: url('/uploads/sale/piedavajums-speka-maxima-xxx-veikalos-3117.png');                     ">
                </div>
                            
                    </div>
        <div class="tags tags_primary info_icon">
            
    <div data-alt="Cena pie preces norādīta ar atlaidi.&lt;br&gt;Prece pieejama 10.02. - 16.02." class="tag i"></div>

        </div>

        <div class="info-notice">
            


                                                                            </div>

        <div class="img">
          <img alt="Trauku mazgājamās mašīnas kapsulām un želejām FINISH" src="/uploads/sale/2026/sales_page/02/09//trauku-mazgajamas-masinas-kapsulam-un-zelejam-finish-00084-0209103029.png?1770625829">
        </div>
        <div class="text   discount-type    ">
            <div class="title">Trauku mazgājamās mašīnas kapsulām un želejām FINISH</div>
            <div class="pack">
                <span class="ptitle"></span>
                <span class="price"> </span>
            </div>
                    </div>
        <div class="infopop">
            <div class="in"><span></span>
                <div class="arrow_top"></div>
                <div class="arrow_bottom"></div>
            </div>
        </div>
    </div>
</div><div class="col-third offer-item">
    <div class="item bl_shadow product-243131   offer-2-l-pd-sku         " data-product-id="243131" data-timeout="5" data-dates-interval="10.02. - 16.02.2026." tabindex="0" role="button">
                                                    <div class="discount percents">
                                                                            <div class="percents_wrapper">
        <span class="sign">-</span><span class="value">45</span><span class="per">%</span>
    </div>
    <span class="vline"></span>
</div>                    		
        
        
        <div class="tags tags_primary bottom_icons">
                                                            
                                <div data-alt="Prece pieejama MAXIMA XX veikalos" class="tag tag-soap-3 tag-shops" style="background-image: url('/uploads/sale/piedavajums-speka-maxima-xx-veikalos-6057.png');                     ">
                </div>
                                                                            
                                <div data-alt="Prece pieejama MAXIMA XXX veikalos" class="tag tag-soap-4 tag-shops" style="background-image: url('/uploads/sale/piedavajums-speka-maxima-xxx-veikalos-3117.png');                     ">
                </div>
                            
                    </div>
        <div class="tags tags_primary info_icon">
            
    <div data-alt="Cena pie preces norādīta ar atlaidi.&lt;br&gt;Prece pieejama 10.02. - 16.02." class="tag i"></div>

        </div>

        <div class="info-notice">
            


                                                                            </div>

        <div class="img">
          <img alt="Trauku mazgājamās mašīnas līdzekļiem SOMAT" src="/uploads/sale/2026/sales_page/02/09//trauku-mazgajamas-masinas-lidzekliem-somat-00085-0209103029.png?1770625829">
        </div>
        <div class="text   discount-type    ">
            <div class="title">Trauku mazgājamās mašīnas līdzekļiem SOMAT</div>
            <div class="pack">
                <span class="ptitle"></span>
                <span class="price"> </span>
            </div>
                    </div>
        <div class="infopop">
            <div class="in"><span></span>
                <div class="arrow_top"></div>
                <div class="arrow_bottom"></div>
            </div>
        </div>
    </div>
</div><div class="col-third offer-item">
    <div class="item bl_shadow product-243132   offer-2-l-pd-sku-lidz         " data-product-id="243132" data-timeout="5" data-dates-interval="10.02. - 16.02.2026." tabindex="0" role="button">
                                                    <div class="discount percents">
            <div class="percents_wrapper">
        <span class="sign">-</span><span class="value">45</span><span class="per">%</span>
    </div>
    <span class="vline"></span>
</div>                    		
        
        
        <div class="tags tags_primary bottom_icons">
            
                    </div>
        <div class="tags tags_primary info_icon">
            
    <div data-alt="Cena pie preces norādīta ar atlaidi.&lt;br&gt;Prece pieejama 10.02. - 16.02." class="tag i"></div>

        </div>

        <div class="info-notice">
            


                    </div>

        <div class="img">
          <img alt="Trauku mazgāšanas želejām FAIRY" src="/uploads/sale/2026/sales_page/02/09//trauku-mazgasanas-zelejam-fairy-00086-0209103029.png?1770625829">
        </div>
        <div class="text   discount-type    ">
            <div class="title">Trauku mazgāšanas želejām FAIRY</div>
            <div class="pack">
                <span class="ptitle"></span>
                <span class="price"> </span>
            </div>
                    </div>
        <div class="infopop">
            <div class="in"><span></span>
                <div class="arrow_top"></div>
                <div class="arrow_bottom"></div>
            </div>
        </div>
    </div>
</div><div class="col-third offer-item">
    <div class="item bl_shadow product-243133   offer-2-l-pd-sku         " data-product-id="243133" data-timeout="5" data-dates-interval="10.02. - 16.02.2026." tabindex="0" role="button">
                                                    <div class="discount percents">
                                            <div class="percents_wrapper">
        <span class="sign">-</span><span class="value">40</span><span class="per">%</span>
    </div>
    <span class="vline"></span>
</div>                    		
        
        
        <div class="tags tags_primary bottom_icons">
                                                            
                                <div data-alt="Prece pieejama MAXIMA XXX veikalos" class="tag tag-soap-4 tag-shops" style="background-image: url('/uploads/sale/piedavajums-speka-maxima-xxx-veikalos-3117.png');                     ">
                </div>
                            
                    </div>
        <div class="tags tags_primary info_icon">
            
    <div data-alt="Cena pie preces norādīta ar atlaidi.&lt;br&gt;Prece pieejama 10.02. - 16.02." class="tag i"></div>

        </div>

        <div class="info-notice">
            


                                                </div>

        <div class="img">
          <img alt="Trauku mazgājamās mašīnas kopšanas līdzekļiem FINISH" src="/uploads/sale/2026/sales_page/02/09//trauku-mazgajamas-masinas-kopsanas-lidzekliem-finish-00087-0209103029.png?1770625829">
        </div>
        <div class="text   discount-type    ">
            <div class="title">Trauku mazgājamās mašīnas kopšanas līdzekļiem FINISH</div>
            <div class="pack">
                <span class="ptitle"></span>
                <span class="price"> </span>
            </div>
                    </div>
        <div class="infopop">
            <div class="in"><span></span>
                <div class="arrow_top"></div>
                <div class="arrow_bottom"></div>
            </div>
        </div>
    </div>
</div><div class="col-third offer-item">
    <div class="item bl_shadow product-243134   offer-2-l-sp-sku         " data-product-id="243134" data-timeout="5" data-dates-interval="10.02. - 16.02.2026." tabindex="0" role="button">
                                                    <div class="discount price  ">
                                                        <div class="bottom-icon ">
                                    <span class="bottom-icon-item icon-51 " style="background-image: url('/uploads/sale/zemo-ceno-grozs-9876.png')" data-code="500">
                                                    <span class="sign">-</span>
                            <span class="value">28</span>
                            <span class="per">%</span>
                                            </span>
                            </div>
            
                    <div class="t1  ">
            <span class="value">1</span>
            <span class="cents">79</span>
            <span class="eur">€</span>
            <span class="unit-price"></span>
        </div>
                    <div class="t2">
                <span class="value">2,49</span>
                <span class="eur">€</span>
            </div>
            <div class="t3 ">
                <span class="value">2</span>
                <span class="cents">49</span>
                <span class="eur">€</span>
                            </div>
            
    <span class="vline"></span>
</div>                    		
        
        
        <div class="tags tags_primary bottom_icons">
                                                            
                                <div data-alt="Latvijas produkts" class="tag tag-soap-6 " style="background-image: url('/uploads/sale/latvijas-produkts-3559.png');                     ">
                </div>
                                            
                    </div>
        <div class="tags tags_primary info_icon">
            
    <div data-alt="Prece pieejama 10.02. - 16.02." class="tag i"></div>

        </div>

        <div class="info-notice">
            


                                                                            </div>

        <div class="img">
          <img alt="Cauruļu attīrīšanas līdzeklis KURMIS, 1 l" src="/uploads/sale/2026/sales_page/02/09//caurulu-attirisanas-lidzeklis-kurmis-00088-0209103029.png?1770625829">
        </div>
        <div class="text       ">
            <div class="title">Cauruļu attīrīšanas līdzeklis KURMIS, 1 l</div>
            <div class="pack">
                <span class="ptitle"></span>
                <span class="price"> </span>
            </div>
                    </div>
        <div class="infopop">
            <div class="in"><span></span>
                <div class="arrow_top"></div>
                <div class="arrow_bottom"></div>
            </div>
        </div>
    </div>
</div><div class="col-third offer-item">
    <div class="item bl_shadow product-243135   offer-2-l-pd-sku         " data-product-id="243135" data-timeout="5" data-dates-interval="10.02. - 16.02.2026." tabindex="0" role="button">
                                                    <div class="discount percents">
                                                                            <div class="percents_wrapper">
        <span class="sign">-</span><span class="value">45</span><span class="per">%</span>
    </div>
    <span class="vline"></span>
</div>                    		
        
        
        <div class="tags tags_primary bottom_icons">
                                                            
                                <div data-alt="Prece pieejama MAXIMA XX veikalos" class="tag tag-soap-3 tag-shops" style="background-image: url('/uploads/sale/piedavajums-speka-maxima-xx-veikalos-6057.png');                     ">
                </div>
                                                                            
                                <div data-alt="Prece pieejama MAXIMA XXX veikalos" class="tag tag-soap-4 tag-shops" style="background-image: url('/uploads/sale/piedavajums-speka-maxima-xxx-veikalos-3117.png');                     ">
                </div>
                            
                    </div>
        <div class="tags tags_primary info_icon">
            
    <div data-alt="Cena pie preces norādīta ar atlaidi.&lt;br&gt;Prece pieejama 10.02. - 16.02." class="tag i"></div>

        </div>

        <div class="info-notice">
            


                                                                            </div>

        <div class="img">
          <img alt="Gaisa atsvaidzinātājiem AMBI PUR" src="/uploads/sale/2026/sales_page/02/09//gaisa-atsvaidzinatajiem-ambi-pur-00089-0209103029.png?1770625829">
        </div>
        <div class="text   discount-type    ">
            <div class="title">Gaisa atsvaidzinātājiem AMBI PUR</div>
            <div class="pack">
                <span class="ptitle"></span>
                <span class="price"> </span>
            </div>
                    </div>
        <div class="infopop">
            <div class="in"><span></span>
                <div class="arrow_top"></div>
                <div class="arrow_bottom"></div>
            </div>
        </div>
    </div>
</div><div class="col-third offer-item">
    <div class="item bl_shadow product-243136   offer-2-l-pd-sku         " data-product-id="243136" data-timeout="5" data-dates-interval="10.02. - 16.02.2026." tabindex="0" role="button">
                                                    <div class="discount percents">
                                                                            <div class="percents_wrapper">
        <span class="sign">-</span><span class="value">45</span><span class="per">%</span>
    </div>
    <span class="vline"></span>
</div>                    		
        
        
        <div class="tags tags_primary bottom_icons">
                                                            
                                <div data-alt="Prece pieejama MAXIMA XX veikalos" class="tag tag-soap-3 tag-shops" style="background-image: url('/uploads/sale/piedavajums-speka-maxima-xx-veikalos-6057.png');                     ">
                </div>
                                                                            
                                <div data-alt="Prece pieejama MAXIMA XXX veikalos" class="tag tag-soap-4 tag-shops" style="background-image: url('/uploads/sale/piedavajums-speka-maxima-xxx-veikalos-3117.png');                     ">
                </div>
                            
                    </div>
        <div class="tags tags_primary info_icon">
            
    <div data-alt="Cena pie preces norādīta ar atlaidi.&lt;br&gt;Prece pieejama 10.02. - 16.02." class="tag i"></div>

        </div>

        <div class="info-notice">
            


                                                                            </div>

        <div class="img">
          <img alt="Gaisa atsvaidzinātājiem AIRWICK" src="/uploads/sale/2026/sales_page/02/09//gaisa-atsvaidzinatajiem-airwick-00090-0209103029.png?1770625829">
        </div>
        <div class="text   discount-type    ">
            <div class="title">Gaisa atsvaidzinātājiem AIRWICK</div>
            <div class="pack">
                <span class="ptitle"></span>
                <span class="price"> </span>
            </div>
                    </div>
        <div class="infopop">
            <div class="in"><span></span>
                <div class="arrow_top"></div>
                <div class="arrow_bottom"></div>
            </div>
        </div>
    </div>
</div><div class="col-third offer-item">
    <div class="item bl_shadow product-243147   offer-2-l-pd-sku         " data-product-id="243147" data-timeout="5" data-dates-interval="10.02. - 16.02.2026." tabindex="0" role="button">
                                                    <div class="discount percents">
                                                                            <div class="percents_wrapper">
        <span class="sign">-</span><span class="value">35</span><span class="per">%</span>
    </div>
    <span class="vline"></span>
</div>                    		
        
        
        <div class="tags tags_primary bottom_icons">
                                                            
                                <div data-alt="Prece pieejama MAXIMA XX veikalos" class="tag tag-soap-3 tag-shops" style="background-image: url('/uploads/sale/piedavajums-speka-maxima-xx-veikalos-6057.png');                     ">
                </div>
                                                                            
                                <div data-alt="Prece pieejama MAXIMA XXX veikalos" class="tag tag-soap-4 tag-shops" style="background-image: url('/uploads/sale/piedavajums-speka-maxima-xxx-veikalos-3117.png');                     ">
                </div>
                            
                    </div>
        <div class="tags tags_primary info_icon">
            
    <div data-alt="Cena pie preces norādīta ar atlaidi.&lt;br&gt;Prece pieejama 10.02. - 16.02." class="tag i"></div>

        </div>

        <div class="info-notice">
            


                                                                            </div>

        <div class="img">
          <img alt="Sadzīves tīrīšanas līdzekļiem un gaisa atsvaidzinātājiem SANO" src="/uploads/sale/2026/sales_page/02/09//sadzives-tirisanas-lidzekliem-un-gaisa-atsvaidzinatajiem-sano-00091-0209103032.png?1770625832">
        </div>
        <div class="text   discount-type    ">
            <div class="title">Sadzīves tīrīšanas līdzekļiem un gaisa atsvaidzinātājiem SANO</div>
            <div class="pack">
                <span class="ptitle"></span>
                <span class="price"> </span>
            </div>
                    </div>
        <div class="infopop">
            <div class="in"><span></span>
                <div class="arrow_top"></div>
                <div class="arrow_bottom"></div>
            </div>
        </div>
    </div>
</div><div class="col-third offer-item">
    <div class="item bl_shadow product-243148   offer-2-l-pd-sku-lidz         " data-product-id="243148" data-timeout="5" data-dates-interval="10.02. - 16.02.2026." tabindex="0" role="button">
                                                    <div class="discount percents">
            <div class="percents_wrapper">
        <span class="sign">-</span><span class="value">60</span><span class="per">%</span>
    </div>
    <span class="vline"></span>
</div>                    		
        
        
        <div class="tags tags_primary bottom_icons">
            
                    </div>
        <div class="tags tags_primary info_icon">
            
    <div data-alt="Cena pie preces norādīta ar atlaidi.&lt;br&gt;Prece pieejama 10.02. - 16.02." class="tag i"></div>

        </div>

        <div class="info-notice">
            


                    </div>

        <div class="img">
          <img alt="Tualetes tīrīšanas želejām un putām DOMESTOS" src="/uploads/sale/2026/sales_page/02/09//tualetes-tirisanas-zelejam-un-putam-domestos-00092-0209103032.png?1770625832">
        </div>
        <div class="text   discount-type    ">
            <div class="title">Tualetes tīrīšanas želejām un putām DOMESTOS</div>
            <div class="pack">
                <span class="ptitle"></span>
                <span class="price"> </span>
            </div>
                    </div>
        <div class="infopop">
            <div class="in"><span></span>
                <div class="arrow_top"></div>
                <div class="arrow_bottom"></div>
            </div>
        </div>
    </div>
</div><div class="col-third offer-item">
    <div class="item bl_shadow product-243149   offer-2-l-pd-sku         " data-product-id="243149" data-timeout="5" data-dates-interval="10.02. - 16.02.2026." tabindex="0" role="button">
                                                    <div class="discount percents">
            <div class="percents_wrapper">
        <span class="sign">-</span><span class="value">40</span><span class="per">%</span>
    </div>
    <span class="vline"></span>
</div>                    		
        
        
        <div class="tags tags_primary bottom_icons">
            
                    </div>
        <div class="tags tags_primary info_icon">
            
    <div data-alt="Cena pie preces norādīta ar atlaidi.&lt;br&gt;Prece pieejama 10.02. - 16.02." class="tag i"></div>

        </div>

        <div class="info-notice">
            


                    </div>

        <div class="img">
          <img alt="Tualetes tīrīšanas līdzekļiem BREF" src="/uploads/sale/2026/sales_page/02/09//tualetes-tirisanas-lidzekliem-bref-00093-0209103032.png?1770625832">
        </div>
        <div class="text   discount-type    ">
            <div class="title">Tualetes tīrīšanas līdzekļiem BREF</div>
            <div class="pack">
                <span class="ptitle"></span>
                <span class="price"> </span>
            </div>
                    </div>
        <div class="infopop">
            <div class="in"><span></span>
                <div class="arrow_top"></div>
                <div class="arrow_bottom"></div>
            </div>
        </div>
    </div>
</div><div class="col-third offer-item">
    <div class="item bl_shadow product-243150   offer-2-l-pd-sku         " data-product-id="243150" data-timeout="5" data-dates-interval="10.02. - 16.02.2026." tabindex="0" role="button">
                                                    <div class="discount percents">
                                                                                                            <div class="percents_wrapper">
        <span class="sign">-</span><span class="value">50</span><span class="per">%</span>
    </div>
    <span class="vline"></span>
</div>                    		
        
        
        <div class="tags tags_primary bottom_icons">
                                                            
                                <div data-alt="Prece pieejama MAXIMA XX veikalos" class="tag tag-soap-3 tag-shops" style="background-image: url('/uploads/sale/piedavajums-speka-maxima-xx-veikalos-6057.png');                     ">
                </div>
                                                                            
                                <div data-alt="Prece pieejama MAXIMA XXX veikalos" class="tag tag-soap-4 tag-shops" style="background-image: url('/uploads/sale/piedavajums-speka-maxima-xxx-veikalos-3117.png');                     ">
                </div>
                                                                            
                                <div data-alt="Latvijas produkts" class="tag tag-soap-6 " style="background-image: url('/uploads/sale/latvijas-produkts-3559.png');                     ">
                </div>
                            
                    </div>
        <div class="tags tags_primary info_icon">
            
    <div data-alt="Cena pie preces norādīta ar atlaidi.&lt;br&gt;Prece pieejama 10.02. - 16.02." class="tag i"></div>

        </div>

        <div class="info-notice">
            


                                                                                                        </div>

        <div class="img">
          <img alt="Tualetes tīrīšanas želejām SEAL" src="/uploads/sale/2026/sales_page/02/09//tualetes-tirisanas-zelejam-seal-00094-0209103032.png?1770625832">
        </div>
        <div class="text   discount-type    ">
            <div class="title">Tualetes tīrīšanas želejām SEAL</div>
            <div class="pack">
                <span class="ptitle"></span>
                <span class="price"> </span>
            </div>
                    </div>
        <div class="infopop">
            <div class="in"><span></span>
                <div class="arrow_top"></div>
                <div class="arrow_bottom"></div>
            </div>
        </div>
    </div>
</div><div class="col-third offer-item">
    <div class="item bl_shadow product-243151   offer-2-l-pd-sku-lidz         " data-product-id="243151" data-timeout="5" data-dates-interval="10.02. - 16.02.2026." tabindex="0" role="button">
                                                    <div class="discount percents">
                                                                            <div class="percents_wrapper">
        <span class="sign">-</span><span class="value">50</span><span class="per">%</span>
    </div>
    <span class="vline"></span>
</div>                    		
        
        
        <div class="tags tags_primary bottom_icons">
                                                            
                                <div data-alt="Prece pieejama MAXIMA XX veikalos" class="tag tag-soap-3 tag-shops" style="background-image: url('/uploads/sale/piedavajums-speka-maxima-xx-veikalos-6057.png');                     ">
                </div>
                                                                            
                                <div data-alt="Prece pieejama MAXIMA XXX veikalos" class="tag tag-soap-4 tag-shops" style="background-image: url('/uploads/sale/piedavajums-speka-maxima-xxx-veikalos-3117.png');                     ">
                </div>
                            
                    </div>
        <div class="tags tags_primary info_icon">
            
    <div data-alt="Cena pie preces norādīta ar atlaidi.&lt;br&gt;Prece pieejama 10.02. - 16.02." class="tag i"></div>

        </div>

        <div class="info-notice">
            


                                                                            </div>

        <div class="img">
          <img alt="Tualetes blokiem DOMESTOS" src="/uploads/sale/2026/sales_page/02/09//tualetes-blokiem-domestos-00095-0209103032.png?1770625832">
        </div>
        <div class="text   discount-type    ">
            <div class="title">Tualetes blokiem DOMESTOS</div>
            <div class="pack">
                <span class="ptitle"></span>
                <span class="price"> </span>
            </div>
                    </div>
        <div class="infopop">
            <div class="in"><span></span>
                <div class="arrow_top"></div>
                <div class="arrow_bottom"></div>
            </div>
        </div>
    </div>
</div><div class="col-third offer-item">
    <div class="item bl_shadow product-243263 paldies-card  offer-2-l-sp-sku         " data-product-id="243263" data-timeout="5" data-dates-interval="10.02. - 16.02.2026." tabindex="0" role="button">
                                                    <div class="discount price  ">
                                                                            <div class="paldies-card-icon ">
                        <img src="/images/front/icons/paldies2-icon.png" alt="Paldies">
                    </div>
                                                                                                
                    <div class="t1  paldies-card">
            <span class="value">79</span>
            <span class="cents">99</span>
            <span class="eur">€</span>
            <span class="unit-price"></span>
        </div>
                    <div class="t2">
                <span class="value">129,99</span>
                <span class="eur">€</span>
            </div>
            <div class="t3 ">
                <span class="value">129</span>
                <span class="cents">99</span>
                <span class="eur">€</span>
                            </div>
            
    <span class="vline"></span>
</div>                    		
        
        
        <div class="tags tags_primary bottom_icons">
                                                            
                                <div data-alt="Atlaide ar PALDIES karti" class="tag tag-soap-2 " style="background-image: url('/uploads/sale/atlaide-ar-paldies-karti-7358.png');                     ">
                </div>
                                                                            
                                <div data-alt="Prece pieejama MAXIMA XX veikalos" class="tag tag-soap-3 tag-shops" style="background-image: url('/uploads/sale/piedavajums-speka-maxima-xx-veikalos-6057.png');                     ">
                </div>
                                                                            
                                <div data-alt="Prece pieejama MAXIMA XXX veikalos" class="tag tag-soap-4 tag-shops" style="background-image: url('/uploads/sale/piedavajums-speka-maxima-xxx-veikalos-3117.png');                     ">
                </div>
                            
                    </div>
        <div class="tags tags_primary info_icon">
            
    <div data-alt="Putekļu tvertnes tilpums 550 ml; Darbības ilgums pēc uzlādes ~ 40 min; Uzlādes laiks ~ 270 min" class="tag i"></div>

        </div>

        <div class="info-notice">
            


                                                                                                        </div>

        <div class="img">
          <img alt="Putekļu sūcējs XIAOMI G20, 1 gab." src="/uploads/sale/2026/sales_page/02/09//puteklu-sucejs-xiaomi-g20-00111-0209103053.png?1770625853">
        </div>
        <div class="text paldies-card      ">
            <div class="title">Putekļu sūcējs XIAOMI G20, 1 gab.</div>
            <div class="pack">
                <span class="ptitle"></span>
                <span class="price"> </span>
            </div>
                    </div>
        <div class="infopop">
            <div class="in"><span></span>
                <div class="arrow_top"></div>
                <div class="arrow_bottom"></div>
            </div>
        </div>
    </div>
</div><div class="col-third offer-item">
    <div class="item bl_shadow product-243264 paldies-card  offer-2-l-sp-sku         " data-product-id="243264" data-timeout="5" data-dates-interval="10.02. - 16.02.2026." tabindex="0" role="button">
                                                    <div class="discount price  ">
                                                                            <div class="paldies-card-icon ">
                        <img src="/images/front/icons/paldies2-icon.png" alt="Paldies">
                    </div>
                                                                                                
                    <div class="t1  paldies-card">
            <span class="value">59</span>
            <span class="cents">99</span>
            <span class="eur">€</span>
            <span class="unit-price"></span>
        </div>
                    <div class="t2">
                <span class="value">129,99</span>
                <span class="eur">€</span>
            </div>
            <div class="t3 ">
                <span class="value">129</span>
                <span class="cents">99</span>
                <span class="eur">€</span>
                            </div>
            
    <span class="vline"></span>
</div>                    		
        
        
        <div class="tags tags_primary bottom_icons">
                                                            
                                <div data-alt="Atlaide ar PALDIES karti" class="tag tag-soap-2 " style="background-image: url('/uploads/sale/atlaide-ar-paldies-karti-7358.png');                     ">
                </div>
                                                                            
                                <div data-alt="Prece pieejama MAXIMA XX veikalos" class="tag tag-soap-3 tag-shops" style="background-image: url('/uploads/sale/piedavajums-speka-maxima-xx-veikalos-6057.png');                     ">
                </div>
                                                                            
                                <div data-alt="Prece pieejama MAXIMA XXX veikalos" class="tag tag-soap-4 tag-shops" style="background-image: url('/uploads/sale/piedavajums-speka-maxima-xxx-veikalos-3117.png');                     ">
                </div>
                            
                    </div>
        <div class="tags tags_primary info_icon">
            
    <div data-alt="Jauda 1000 W; Tvertnes tilpums 17 l; Vada garums 4 m" class="tag i"></div>

        </div>

        <div class="info-notice">
            


                                                                                                        </div>

        <div class="img">
          <img alt="Putekļu sūcējs KARCHER KWD 3, 1 gab." src="/uploads/sale/2026/sales_page/02/09//puteklu-sucejs-karcher-kwd-3-00112-0209103053.png?1770625853">
        </div>
        <div class="text paldies-card      ">
            <div class="title">Putekļu sūcējs KARCHER KWD 3, 1 gab.</div>
            <div class="pack">
                <span class="ptitle"></span>
                <span class="price"> </span>
            </div>
                    </div>
        <div class="infopop">
            <div class="in"><span></span>
                <div class="arrow_top"></div>
                <div class="arrow_bottom"></div>
            </div>
        </div>
    </div>
</div><div class="col-third offer-item">
    <div class="item bl_shadow product-243265   offer-2-l-sp-sku units-price        " data-product-id="243265" data-timeout="5" data-dates-interval="12.02. - 16.02.2026." tabindex="0" role="button">
                                                    <div class="discount price with-unit-price ">
                                                                                        <div class="bottom-icon with-unit-price">
                                    <span class="bottom-icon-item icon-51 " style="background-image: url('/uploads/sale/zemo-ceno-grozs-9876.png')" data-code="500">
                                                    <span class="sign">-</span>
                            <span class="value">40</span>
                            <span class="per">%</span>
                                            </span>
                            </div>
            
                    <div class="t1 with-unit-price ">
            <span class="value">2</span>
            <span class="cents">99</span>
            <span class="eur">€</span>
            <span class="unit-price">0,43 €/gab.</span>
        </div>
                    <div class="t2">
                <span class="value">4,99</span>
                <span class="eur">€</span>
            </div>
            <div class="t3 ">
                <span class="value">4</span>
                <span class="cents">99</span>
                <span class="eur">€</span>
                            </div>
            
    <span class="vline"></span>
</div>                    		
        
        
        <div class="tags tags_primary bottom_icons">
                                                            
                                <div data-alt="Prece pieejama MAXIMA XX veikalos" class="tag tag-soap-3 tag-shops" style="background-image: url('/uploads/sale/piedavajums-speka-maxima-xx-veikalos-6057.png');                     ">
                </div>
                                                                            
                                <div data-alt="Prece pieejama MAXIMA XXX veikalos" class="tag tag-soap-4 tag-shops" style="background-image: url('/uploads/sale/piedavajums-speka-maxima-xxx-veikalos-3117.png');                     ">
                </div>
                                            
                    </div>
        <div class="tags tags_primary info_icon">
            
    <div data-alt="ZIEDU PIEDĀVĀJUMI SPĒKĀ NO CETURTDIENAS, 12.02.&lt;br&gt;Prece pieejama 12.02. - 16.02." class="tag i"></div>

        </div>

        <div class="info-notice">
            


                                                                                                        </div>

        <div class="img">
          <img alt="Grieztie ziedi ĪRISI, 1 iepak./7 gab." src="/uploads/sale/2026/sales_page/02/09//grieztie-ziedi-irisi-00113-0209103053.png?1770625853">
        </div>
        <div class="text       ">
            <div class="title">Grieztie ziedi ĪRISI, 1 iepak./7 gab.</div>
            <div class="pack">
                <span class="ptitle"></span>
                <span class="price"> </span>
            </div>
                    </div>
        <div class="infopop">
            <div class="in"><span></span>
                <div class="arrow_top"></div>
                <div class="arrow_bottom"></div>
            </div>
        </div>
    </div>
</div><div class="col-third offer-item">
    <div class="item bl_shadow product-243266   offer-2-l-sp-sku units-price        " data-product-id="243266" data-timeout="5" data-dates-interval="12.02. - 16.02.2026." tabindex="0" role="button">
                                                    <div class="discount price with-unit-price ">
                        <div class="bottom-icon with-unit-price">
                                    <span class="bottom-icon-item icon-51 " style="background-image: url('/uploads/sale/zemo-ceno-grozs-9876.png')" data-code="500">
                                                    <span class="sign">-</span>
                            <span class="value">40</span>
                            <span class="per">%</span>
                                            </span>
                            </div>
            
                    <div class="t1 with-unit-price ">
            <span class="value">5</span>
            <span class="cents">99</span>
            <span class="eur">€</span>
            <span class="unit-price">0,40 €/gab.</span>
        </div>
                    <div class="t2">
                <span class="value">9,99</span>
                <span class="eur">€</span>
            </div>
            <div class="t3 ">
                <span class="value">9</span>
                <span class="cents">99</span>
                <span class="eur">€</span>
                            </div>
            
    <span class="vline"></span>
</div>                    		
        
        
        <div class="tags tags_primary bottom_icons">
                            
                    </div>
        <div class="tags tags_primary info_icon">
            
    <div data-alt="ZIEDU PIEDĀVĀJUMI SPĒKĀ NO CETURTDIENAS, 12.02.&lt;br&gt;Prece pieejama 12.02. - 16.02." class="tag i"></div>

        </div>

        <div class="info-notice">
            


                                                </div>

        <div class="img">
          <img alt="Grieztie ziedi TULPES, 1 iepak./15 gab." src="/uploads/sale/2026/sales_page/02/09//grieztie-ziedi-tulpes-00114-0209103054.png?1770625854">
        </div>
        <div class="text       ">
            <div class="title">Grieztie ziedi TULPES, 1 iepak./15 gab.</div>
            <div class="pack">
                <span class="ptitle"></span>
                <span class="price"> </span>
            </div>
                    </div>
        <div class="infopop">
            <div class="in"><span></span>
                <div class="arrow_top"></div>
                <div class="arrow_bottom"></div>
            </div>
        </div>
    </div>
</div><div class="col-third offer-item">
    <div class="item bl_shadow product-243247   offer-2-l-sp-sku units-price        " data-product-id="243247" data-timeout="5" data-dates-interval="12.02. - 16.02.2026." tabindex="0" role="button">
                                                    <div class="discount price with-unit-price ">
                                                                                        <div class="bottom-icon with-unit-price">
                                    <span class="bottom-icon-item icon-51 " style="background-image: url('/uploads/sale/zemo-ceno-grozs-9876.png')" data-code="500">
                                                    <span class="sign">-</span>
                            <span class="value">33</span>
                            <span class="per">%</span>
                                            </span>
                            </div>
            
                    <div class="t1 with-unit-price ">
            <span class="value">3</span>
            <span class="cents">99</span>
            <span class="eur">€</span>
            <span class="unit-price">0,57 €/gab.</span>
        </div>
                    <div class="t2">
                <span class="value">5,99</span>
                <span class="eur">€</span>
            </div>
            <div class="t3 ">
                <span class="value">5</span>
                <span class="cents">99</span>
                <span class="eur">€</span>
                            </div>
            
    <span class="vline"></span>
</div>                    		
        
        
        <div class="tags tags_primary bottom_icons">
                                                            
                                <div data-alt="Prece pieejama MAXIMA XX veikalos" class="tag tag-soap-3 tag-shops" style="background-image: url('/uploads/sale/piedavajums-speka-maxima-xx-veikalos-6057.png');                     ">
                </div>
                                                                            
                                <div data-alt="Prece pieejama MAXIMA XXX veikalos" class="tag tag-soap-4 tag-shops" style="background-image: url('/uploads/sale/piedavajums-speka-maxima-xxx-veikalos-3117.png');                     ">
                </div>
                                            
                    </div>
        <div class="tags tags_primary info_icon">
            
    <div data-alt="ZIEDU PIEDĀVĀJUMI SPĒKĀ NO CETURTDIENAS, 12.02.&lt;br&gt;Prece pieejama 12.02. - 16.02." class="tag i"></div>

        </div>

        <div class="info-notice">
            


                                                                                                        </div>

        <div class="img">
          <img alt="Grieztie ziedi ALSTROMĒRIJAS, 1 iepak./7 gab." src="/uploads/sale/2026/sales_page/02/09//grieztie-ziedi-alstromerijas-00115-0209103052.png?1770625852">
        </div>
        <div class="text       ">
            <div class="title">Grieztie ziedi ALSTROMĒRIJAS, 1 iepak./7 gab.</div>
            <div class="pack">
                <span class="ptitle"></span>
                <span class="price"> </span>
            </div>
                    </div>
        <div class="infopop">
            <div class="in"><span></span>
                <div class="arrow_top"></div>
                <div class="arrow_bottom"></div>
            </div>
        </div>
    </div>
</div><div class="col-third offer-item">
    <div class="item bl_shadow product-243248   offer-2-l-sp-sku units-price        " data-product-id="243248" data-timeout="5" data-dates-interval="12.02. - 16.02.2026." tabindex="0" role="button">
                                                    <div class="discount price with-unit-price ">
                        <div class="bottom-icon with-unit-price">
                                    <span class="bottom-icon-item icon-51 " style="background-image: url('/uploads/sale/zemo-ceno-grozs-9876.png')" data-code="500">
                                                    <span class="sign">-</span>
                            <span class="value">25</span>
                            <span class="per">%</span>
                                            </span>
                            </div>
            
                    <div class="t1 with-unit-price ">
            <span class="value">6</span>
            <span class="cents">99</span>
            <span class="eur">€</span>
            <span class="unit-price">1,00 €/gab.</span>
        </div>
                    <div class="t2">
                <span class="value">9,29</span>
                <span class="eur">€</span>
            </div>
            <div class="t3 ">
                <span class="value">9</span>
                <span class="cents">29</span>
                <span class="eur">€</span>
                            </div>
            
    <span class="vline"></span>
</div>                    		
        
        
        <div class="tags tags_primary bottom_icons">
                            
                    </div>
        <div class="tags tags_primary info_icon">
            
    <div data-alt="ZIEDU PIEDĀVĀJUMI SPĒKĀ NO CETURTDIENAS, 12.02.&lt;br&gt;Prece pieejama 12.02. - 16.02." class="tag i"></div>

        </div>

        <div class="info-notice">
            


                                                </div>

        <div class="img">
          <img alt="Grieztie ziedi ROZES, 1 iepak./7 gab., 50 cm" src="/uploads/sale/2026/sales_page/02/09//grieztie-ziedi-rozes-00116-0209103052.png?1770625852">
        </div>
        <div class="text       ">
            <div class="title">Grieztie ziedi ROZES, 1 iepak./7 gab., 50 cm</div>
            <div class="pack">
                <span class="ptitle"></span>
                <span class="price"> </span>
            </div>
                    </div>
        <div class="infopop">
            <div class="in"><span></span>
                <div class="arrow_top"></div>
                <div class="arrow_bottom"></div>
            </div>
        </div>
    </div>
</div><div class="col-third offer-item">
    <div class="item bl_shadow product-243249   offer-2-l-sp-sku units-price        " data-product-id="243249" data-timeout="5" data-dates-interval="12.02. - 16.02.2026." tabindex="0" role="button">
                                                    <div class="discount price with-unit-price ">
                        <div class="bottom-icon with-unit-price">
                                    <span class="bottom-icon-item icon-51 " style="background-image: url('/uploads/sale/zemo-ceno-grozs-9876.png')" data-code="500">
                                                    <span class="sign">-</span>
                            <span class="value">40</span>
                            <span class="per">%</span>
                                            </span>
                            </div>
            
                    <div class="t1 with-unit-price ">
            <span class="value">2</span>
            <span class="cents">99</span>
            <span class="eur">€</span>
            <span class="unit-price">0,20 €/gab.</span>
        </div>
                    <div class="t2">
                <span class="value">4,99</span>
                <span class="eur">€</span>
            </div>
            <div class="t3 ">
                <span class="value">4</span>
                <span class="cents">99</span>
                <span class="eur">€</span>
                            </div>
            
    <span class="vline"></span>
</div>                    		
        
        
        <div class="tags tags_primary bottom_icons">
                            
                    </div>
        <div class="tags tags_primary info_icon">
            
    <div data-alt="ZIEDU PIEDĀVĀJUMI SPĒKĀ NO CETURTDIENAS, 12.02.&lt;br&gt;Prece pieejama 12.02. - 16.02." class="tag i"></div>

        </div>

        <div class="info-notice">
            


                                                </div>

        <div class="img">
          <img alt="Grieztie ziedi ROZES, 1 iepak./15 gab., 30 cm" src="/uploads/sale/2026/sales_page/02/09//grieztie-ziedi-rozes-00117-0209103052.png?1770625852">
        </div>
        <div class="text       ">
            <div class="title">Grieztie ziedi ROZES, 1 iepak./15 gab., 30 cm</div>
            <div class="pack">
                <span class="ptitle"></span>
                <span class="price"> </span>
            </div>
                    </div>
        <div class="infopop">
            <div class="in"><span></span>
                <div class="arrow_top"></div>
                <div class="arrow_bottom"></div>
            </div>
        </div>
    </div>
</div><div class="col-third offer-item">
    <div class="item bl_shadow product-243250   offer-2-l-sp-sku units-price        " data-product-id="243250" data-timeout="5" data-dates-interval="12.02. - 16.02.2026." tabindex="0" role="button">
                                                    <div class="discount price with-unit-price ">
                        <div class="bottom-icon with-unit-price">
                                    <span class="bottom-icon-item icon-51 " style="background-image: url('/uploads/sale/zemo-ceno-grozs-9876.png')" data-code="500">
                                                    <span class="sign">-</span>
                            <span class="value">37</span>
                            <span class="per">%</span>
                                            </span>
                            </div>
            
                    <div class="t1 with-unit-price ">
            <span class="value">3</span>
            <span class="cents">99</span>
            <span class="eur">€</span>
            <span class="unit-price">0,44 €/gab.</span>
        </div>
                    <div class="t2">
                <span class="value">6,29</span>
                <span class="eur">€</span>
            </div>
            <div class="t3 ">
                <span class="value">6</span>
                <span class="cents">29</span>
                <span class="eur">€</span>
                            </div>
            
    <span class="vline"></span>
</div>                    		
        
        
        <div class="tags tags_primary bottom_icons">
                            
                    </div>
        <div class="tags tags_primary info_icon">
            
    <div data-alt="ZIEDU PIEDĀVĀJUMI SPĒKĀ NO CETURTDIENAS, 12.02.&lt;br&gt;Prece pieejama 12.02. - 16.02." class="tag i"></div>

        </div>

        <div class="info-notice">
            


                                                </div>

        <div class="img">
          <img alt="Grieztie ziedi ROZES, 1 iepak./9 gab., 40 cm" src="/uploads/sale/2026/sales_page/02/09//grieztie-ziedi-rozes-00118-0209103052.png?1770625852">
        </div>
        <div class="text       ">
            <div class="title">Grieztie ziedi ROZES, 1 iepak./9 gab., 40 cm</div>
            <div class="pack">
                <span class="ptitle"></span>
                <span class="price"> </span>
            </div>
                    </div>
        <div class="infopop">
            <div class="in"><span></span>
                <div class="arrow_top"></div>
                <div class="arrow_bottom"></div>
            </div>
        </div>
    </div>
</div><div class="col-third offer-item">
    <div class="item bl_shadow product-243251   offer-2-l-sp-sku units-price        " data-product-id="243251" data-timeout="5" data-dates-interval="12.02. - 16.02.2026." tabindex="0" role="button">
                                                    <div class="discount price with-unit-price ">
                        <div class="bottom-icon with-unit-price">
                                    <span class="bottom-icon-item icon-51 " style="background-image: url('/uploads/sale/zemo-ceno-grozs-9876.png')" data-code="500">
                                                    <span class="sign">-</span>
                            <span class="value">37</span>
                            <span class="per">%</span>
                                            </span>
                            </div>
            
                    <div class="t1 with-unit-price ">
            <span class="value">3</span>
            <span class="cents">99</span>
            <span class="eur">€</span>
            <span class="unit-price">0,44 €/gab.</span>
        </div>
                    <div class="t2">
                <span class="value">6,29</span>
                <span class="eur">€</span>
            </div>
            <div class="t3 ">
                <span class="value">6</span>
                <span class="cents">29</span>
                <span class="eur">€</span>
                            </div>
            
    <span class="vline"></span>
</div>                    		
        
        
        <div class="tags tags_primary bottom_icons">
                            
                    </div>
        <div class="tags tags_primary info_icon">
            
    <div data-alt="ZIEDU PIEDĀVĀJUMI SPĒKĀ NO CETURTDIENAS, 12.02.&lt;br&gt;Prece pieejama 12.02. - 16.02." class="tag i"></div>

        </div>

        <div class="info-notice">
            


                                                </div>

        <div class="img">
          <img alt="Grieztie ziedi TULPES, 1 iepak./9 gab." src="/uploads/sale/2026/sales_page/02/09//grieztie-ziedi-tulpes-00119-0209103052.png?1770625852">
        </div>
        <div class="text       ">
            <div class="title">Grieztie ziedi TULPES, 1 iepak./9 gab.</div>
            <div class="pack">
                <span class="ptitle"></span>
                <span class="price"> </span>
            </div>
                    </div>
        <div class="infopop">
            <div class="in"><span></span>
                <div class="arrow_top"></div>
                <div class="arrow_bottom"></div>
            </div>
        </div>
    </div>
</div><div class="col-third offer-item">
    <div class="item bl_shadow product-243252   offer-2-l-sp-sku units-price        " data-product-id="243252" data-timeout="5" data-dates-interval="12.02. - 16.02.2026." tabindex="0" role="button">
                                                    <div class="discount price with-unit-price ">
                        <div class="bottom-icon with-unit-price">
                                    <span class="bottom-icon-item icon-51 " style="background-image: url('/uploads/sale/zemo-ceno-grozs-9876.png')" data-code="500">
                                                    <span class="sign">-</span>
                            <span class="value">38</span>
                            <span class="per">%</span>
                                            </span>
                            </div>
            
                    <div class="t1 with-unit-price ">
            <span class="value">9</span>
            <span class="cents">99</span>
            <span class="eur">€</span>
            <span class="unit-price">0,40 €/gab.</span>
        </div>
                    <div class="t2">
                <span class="value">15,99</span>
                <span class="eur">€</span>
            </div>
            <div class="t3 ">
                <span class="value">15</span>
                <span class="cents">99</span>
                <span class="eur">€</span>
                            </div>
            
    <span class="vline"></span>
</div>                    		
        
        
        <div class="tags tags_primary bottom_icons">
                            
                    </div>
        <div class="tags tags_primary info_icon">
            
    <div data-alt="ZIEDU PIEDĀVĀJUMI SPĒKĀ NO CETURTDIENAS, 12.02.&lt;br&gt;Prece pieejama 12.02. - 16.02." class="tag i"></div>

        </div>

        <div class="info-notice">
            


                                                </div>

        <div class="img">
          <img alt="Grieztie ziedi TULPES, 1 iepak./25 gab." src="/uploads/sale/2026/sales_page/02/09//grieztie-ziedi-tulpes-00120-0209103052.png?1770625852">
        </div>
        <div class="text       ">
            <div class="title">Grieztie ziedi TULPES, 1 iepak./25 gab.</div>
            <div class="pack">
                <span class="ptitle"></span>
                <span class="price"> </span>
            </div>
                    </div>
        <div class="infopop">
            <div class="in"><span></span>
                <div class="arrow_top"></div>
                <div class="arrow_bottom"></div>
            </div>
        </div>
    </div>
</div><div class="col-third offer-item">
    <div class="item bl_shadow product-243253   offer-2-l-sp-sku units-price        " data-product-id="243253" data-timeout="5" data-dates-interval="12.02. - 16.02.2026." tabindex="0" role="button">
                                                    <div class="discount price with-unit-price ">
                        <div class="bottom-icon with-unit-price">
                                    <span class="bottom-icon-item icon-51 " style="background-image: url('/uploads/sale/zemo-ceno-grozs-9876.png')" data-code="500">
                                                    <span class="sign">-</span>
                            <span class="value">33</span>
                            <span class="per">%</span>
                                            </span>
                            </div>
            
                    <div class="t1 with-unit-price ">
            <span class="value">3</span>
            <span class="cents">99</span>
            <span class="eur">€</span>
            <span class="unit-price">0,36 €/gab.</span>
        </div>
                    <div class="t2">
                <span class="value">5,99</span>
                <span class="eur">€</span>
            </div>
            <div class="t3 ">
                <span class="value">5</span>
                <span class="cents">99</span>
                <span class="eur">€</span>
                            </div>
            
    <span class="vline"></span>
</div>                    		
        
        
        <div class="tags tags_primary bottom_icons">
                            
                    </div>
        <div class="tags tags_primary info_icon">
            
    <div data-alt="ZIEDU PIEDĀVĀJUMI SPĒKĀ NO CETURTDIENAS, 12.02.&lt;br&gt;Prece pieejama 12.02. - 16.02." class="tag i"></div>

        </div>

        <div class="info-notice">
            


                                                </div>

        <div class="img">
          <img alt="Grieztie ziedi ROZES, 1 iepak./11 gab., 35 cm" src="/uploads/sale/2026/sales_page/02/09//grieztie-ziedi-rozes-00121-0209103052.png?1770625852">
        </div>
        <div class="text       ">
            <div class="title">Grieztie ziedi ROZES, 1 iepak./11 gab., 35 cm</div>
            <div class="pack">
                <span class="ptitle"></span>
                <span class="price"> </span>
            </div>
                    </div>
        <div class="infopop">
            <div class="in"><span></span>
                <div class="arrow_top"></div>
                <div class="arrow_bottom"></div>
            </div>
        </div>
    </div>
</div><div class="col-third offer-item">
    <div class="item bl_shadow product-243254   offer-2-l-sp-sku units-price        " data-product-id="243254" data-timeout="5" data-dates-interval="12.02. - 16.02.2026." tabindex="0" role="button">
                                                    <div class="discount price with-unit-price ">
                                                                                        <div class="bottom-icon with-unit-price">
                                    <span class="bottom-icon-item icon-51 " style="background-image: url('/uploads/sale/zemo-ceno-grozs-9876.png')" data-code="500">
                                                    <span class="sign">-</span>
                            <span class="value">43</span>
                            <span class="per">%</span>
                                            </span>
                            </div>
            
                    <div class="t1 with-unit-price ">
            <span class="value">3</span>
            <span class="cents">99</span>
            <span class="eur">€</span>
            <span class="unit-price">0,80 €/gab.</span>
        </div>
                    <div class="t2">
                <span class="value">6,99</span>
                <span class="eur">€</span>
            </div>
            <div class="t3 ">
                <span class="value">6</span>
                <span class="cents">99</span>
                <span class="eur">€</span>
                            </div>
            
    <span class="vline"></span>
</div>                    		
        
        
        <div class="tags tags_primary bottom_icons">
                                                            
                                <div data-alt="Prece pieejama MAXIMA XX veikalos" class="tag tag-soap-3 tag-shops" style="background-image: url('/uploads/sale/piedavajums-speka-maxima-xx-veikalos-6057.png');                     ">
                </div>
                                                                            
                                <div data-alt="Prece pieejama MAXIMA XXX veikalos" class="tag tag-soap-4 tag-shops" style="background-image: url('/uploads/sale/piedavajums-speka-maxima-xxx-veikalos-3117.png');                     ">
                </div>
                                            
                    </div>
        <div class="tags tags_primary info_icon">
            
    <div data-alt="ZIEDU PIEDĀVĀJUMI SPĒKĀ NO CETURTDIENAS, 12.02.&lt;br&gt;Prece pieejama 12.02. - 16.02." class="tag i"></div>

        </div>

        <div class="info-notice">
            


                                                                                                        </div>

        <div class="img">
          <img alt="Grieztie ziedi ĢIPSENES, 1 iepak./5 gab." src="/uploads/sale/2026/sales_page/02/09//grieztie-ziedi-gipsenes-00122-0209103052.png?1770625852">
        </div>
        <div class="text       ">
            <div class="title">Grieztie ziedi ĢIPSENES, 1 iepak./5 gab.</div>
            <div class="pack">
                <span class="ptitle"></span>
                <span class="price"> </span>
            </div>
                    </div>
        <div class="infopop">
            <div class="in"><span></span>
                <div class="arrow_top"></div>
                <div class="arrow_bottom"></div>
            </div>
        </div>
    </div>
</div><div class="col-third offer-item">
    <div class="item bl_shadow product-243255   offer-2-l-sp-sku units-price        " data-product-id="243255" data-timeout="5" data-dates-interval="12.02. - 16.02.2026." tabindex="0" role="button">
                                                    <div class="discount price with-unit-price ">
                        <div class="bottom-icon with-unit-price">
                                    <span class="bottom-icon-item icon-51 " style="background-image: url('/uploads/sale/zemo-ceno-grozs-9876.png')" data-code="500">
                                                    <span class="sign">-</span>
                            <span class="value">33</span>
                            <span class="per">%</span>
                                            </span>
                            </div>
            
                    <div class="t1 with-unit-price ">
            <span class="value">3</span>
            <span class="cents">99</span>
            <span class="eur">€</span>
            <span class="unit-price">0,80 €/gab.</span>
        </div>
                    <div class="t2">
                <span class="value">5,99</span>
                <span class="eur">€</span>
            </div>
            <div class="t3 ">
                <span class="value">5</span>
                <span class="cents">99</span>
                <span class="eur">€</span>
                            </div>
            
    <span class="vline"></span>
</div>                    		
        
        
        <div class="tags tags_primary bottom_icons">
                            
                    </div>
        <div class="tags tags_primary info_icon">
            
    <div data-alt="ZIEDU PIEDĀVĀJUMI SPĒKĀ NO CETURTDIENAS, 12.02.&lt;br&gt;Prece pieejama 12.02. - 16.02." class="tag i"></div>

        </div>

        <div class="info-notice">
            


                                                </div>

        <div class="img">
          <img alt="Grieztie ziedi KRIZANTĒMAS, 1 iepak./5 gab." src="/uploads/sale/2026/sales_page/02/09//grieztie-ziedi-krizantemas-00123-0209103052.png?1770625852">
        </div>
        <div class="text       ">
            <div class="title">Grieztie ziedi KRIZANTĒMAS, 1 iepak./5 gab.</div>
            <div class="pack">
                <span class="ptitle"></span>
                <span class="price"> </span>
            </div>
                    </div>
        <div class="infopop">
            <div class="in"><span></span>
                <div class="arrow_top"></div>
                <div class="arrow_bottom"></div>
            </div>
        </div>
    </div>
</div><div class="col-third offer-item">
    <div class="item bl_shadow product-243256   offer-2-l-sp-sku         " data-product-id="243256" data-timeout="5" data-dates-interval="12.02. - 16.02.2026." tabindex="0" role="button">
                                                    <div class="discount price  ">
                                                                                        <div class="bottom-icon ">
                                    <span class="bottom-icon-item icon-51 " style="background-image: url('/uploads/sale/zemo-ceno-grozs-9876.png')" data-code="500">
                                                    <span class="sign">-</span>
                            <span class="value">42</span>
                            <span class="per">%</span>
                                            </span>
                            </div>
            
                    <div class="t1  ">
            <span class="value">5</span>
            <span class="cents">99</span>
            <span class="eur">€</span>
            <span class="unit-price"></span>
        </div>
                    <div class="t2">
                <span class="value">10,29</span>
                <span class="eur">€</span>
            </div>
            <div class="t3 ">
                <span class="value">10</span>
                <span class="cents">29</span>
                <span class="eur">€</span>
                            </div>
            
    <span class="vline"></span>
</div>                    		
        
        
        <div class="tags tags_primary bottom_icons">
                                                            
                                <div data-alt="Prece pieejama MAXIMA XX veikalos" class="tag tag-soap-3 tag-shops" style="background-image: url('/uploads/sale/piedavajums-speka-maxima-xx-veikalos-6057.png');                     ">
                </div>
                                                                            
                                <div data-alt="Prece pieejama MAXIMA XXX veikalos" class="tag tag-soap-4 tag-shops" style="background-image: url('/uploads/sale/piedavajums-speka-maxima-xxx-veikalos-3117.png');                     ">
                </div>
                                            
                    </div>
        <div class="tags tags_primary info_icon">
            
    <div data-alt="ZIEDU PIEDĀVĀJUMI SPĒKĀ NO CETURTDIENAS, 12.02.&lt;br&gt;Prece pieejama 12.02. - 16.02." class="tag i"></div>

        </div>

        <div class="info-notice">
            


                                                                                                        </div>

        <div class="img">
          <img alt="Telpaugs ORHIDEJA MIX, 1 gab." src="/uploads/sale/2026/sales_page/02/09//telpaugs-orhideja-mix-00124-0209103052.png?1770625852">
        </div>
        <div class="text       ">
            <div class="title">Telpaugs ORHIDEJA MIX, 1 gab.</div>
            <div class="pack">
                <span class="ptitle"></span>
                <span class="price"> </span>
            </div>
                    </div>
        <div class="infopop">
            <div class="in"><span></span>
                <div class="arrow_top"></div>
                <div class="arrow_bottom"></div>
            </div>
        </div>
    </div>
</div><div class="col-third offer-item">
    <div class="item bl_shadow product-243267   offer-2-l-sp-sku         " data-product-id="243267" data-timeout="5" data-dates-interval="12.02. - 16.02.2026." tabindex="0" role="button">
                                                    <div class="discount price  ">
                                                                                        <div class="bottom-icon ">
                                    <span class="bottom-icon-item icon-51 " style="background-image: url('/uploads/sale/zemo-ceno-grozs-9876.png')" data-code="500">
                                                    <span class="sign">-</span>
                            <span class="value">33</span>
                            <span class="per">%</span>
                                            </span>
                            </div>
            
                    <div class="t1  ">
            <span class="value">4</span>
            <span class="cents">99</span>
            <span class="eur">€</span>
            <span class="unit-price"></span>
        </div>
                    <div class="t2">
                <span class="value">7,49</span>
                <span class="eur">€</span>
            </div>
            <div class="t3 ">
                <span class="value">7</span>
                <span class="cents">49</span>
                <span class="eur">€</span>
                            </div>
            
    <span class="vline"></span>
</div>                    		
        
        
        <div class="tags tags_primary bottom_icons">
                                                            
                                <div data-alt="Prece pieejama MAXIMA XX veikalos" class="tag tag-soap-3 tag-shops" style="background-image: url('/uploads/sale/piedavajums-speka-maxima-xx-veikalos-6057.png');                     ">
                </div>
                                                                            
                                <div data-alt="Prece pieejama MAXIMA XXX veikalos" class="tag tag-soap-4 tag-shops" style="background-image: url('/uploads/sale/piedavajums-speka-maxima-xxx-veikalos-3117.png');                     ">
                </div>
                                            
                    </div>
        <div class="tags tags_primary info_icon">
            
    <div data-alt="ZIEDU PIEDĀVĀJUMI SPĒKĀ NO CETURTDIENAS, 12.02.&lt;br&gt;Prece pieejama 12.02. - 16.02." class="tag i"></div>

        </div>

        <div class="info-notice">
            


                                                                                                        </div>

        <div class="img">
          <img alt="Telpaugs KALLA, 1 gab., Ø12 cm" src="/uploads/sale/2026/sales_page/02/09//telpaugs-kalla-00125-0209103055.png?1770625855">
        </div>
        <div class="text       ">
            <div class="title">Telpaugs KALLA, 1 gab., Ø12 cm</div>
            <div class="pack">
                <span class="ptitle"></span>
                <span class="price"> </span>
            </div>
                    </div>
        <div class="infopop">
            <div class="in"><span></span>
                <div class="arrow_top"></div>
                <div class="arrow_bottom"></div>
            </div>
        </div>
    </div>
</div><div class="col-third offer-item">
    <div class="item bl_shadow product-243263 paldies-card  offer-2-l-sp-sku         " data-product-id="243263" data-timeout="5" data-dates-interval="10.02. - 16.02.2026." tabindex="0" role="button">
                                                    <div class="discount price  ">
                                                                            <div class="paldies-card-icon ">
                        <img src="/images/front/icons/paldies2-icon.png" alt="Paldies">
                    </div>
                                                                                                
                    <div class="t1  paldies-card">
            <span class="value">79</span>
            <span class="cents">99</span>
            <span class="eur">€</span>
            <span class="unit-price"></span>
        </div>
                    <div class="t2">
                <span class="value">129,99</span>
                <span class="eur">€</span>
            </div>
            <div class="t3 ">
                <span class="value">129</span>
                <span class="cents">99</span>
                <span class="eur">€</span>
                            </div>
            
    <span class="vline"></span>
</div>                    		
        
        
        <div class="tags tags_primary bottom_icons">
                                                            
                                <div data-alt="Atlaide ar PALDIES karti" class="tag tag-soap-2 " style="background-image: url('/uploads/sale/atlaide-ar-paldies-karti-7358.png');                     ">
                </div>
                                                                            
                                <div data-alt="Prece pieejama MAXIMA XX veikalos" class="tag tag-soap-3 tag-shops" style="background-image: url('/uploads/sale/piedavajums-speka-maxima-xx-veikalos-6057.png');                     ">
                </div>
                                                                            
                                <div data-alt="Prece pieejama MAXIMA XXX veikalos" class="tag tag-soap-4 tag-shops" style="background-image: url('/uploads/sale/piedavajums-speka-maxima-xxx-veikalos-3117.png');                     ">
                </div>
                            
                    </div>
        <div class="tags tags_primary info_icon">
            
    <div data-alt="Putekļu tvertnes tilpums 550 ml; Darbības ilgums pēc uzlādes ~ 40 min; Uzlādes laiks ~ 270 min" class="tag i"></div>

        </div>

        <div class="info-notice">
            


                                                                                                        </div>

        <div class="img">
          <img alt="Putekļu sūcējs XIAOMI G20, 1 gab." src="/uploads/sale/2026/sales_page/02/09//puteklu-sucejs-xiaomi-g20-00111-0209103053.png?1770625853">
        </div>
        <div class="text paldies-card      ">
            <div class="title">Putekļu sūcējs XIAOMI G20, 1 gab.</div>
            <div class="pack">
                <span class="ptitle"></span>
                <span class="price"> </span>
            </div>
                    </div>
        <div class="infopop">
            <div class="in"><span></span>
                <div class="arrow_top"></div>
                <div class="arrow_bottom"></div>
            </div>
        </div>
    </div>
</div><div class="col-third offer-item">
    <div class="item bl_shadow product-243264 paldies-card  offer-2-l-sp-sku         " data-product-id="243264" data-timeout="5" data-dates-interval="10.02. - 16.02.2026." tabindex="0" role="button">
                                                    <div class="discount price  ">
                                                                            <div class="paldies-card-icon ">
                        <img src="/images/front/icons/paldies2-icon.png" alt="Paldies">
                    </div>
                                                                                                
                    <div class="t1  paldies-card">
            <span class="value">59</span>
            <span class="cents">99</span>
            <span class="eur">€</span>
            <span class="unit-price"></span>
        </div>
                    <div class="t2">
                <span class="value">129,99</
                span>
                <span class="eur">€</span>
            </div>
            <div class="t3 ">
                <span class="value">129</span>
                <span class="cents">99</span>
                <span class="eur">€</span>
                            </div>
            
    <span class="vline"></span>
</div>                    		
        
        
        <div class="tags tags_primary bottom_icons">
                                                            
                                <div data-alt="Atlaide ar PALDIES karti" class="tag tag-soap-2 " style="background-image: url('/uploads/sale/atlaide-ar-paldies-karti-7358.png');                     ">
                </div>
                                                                            
                                <div data-alt="Prece pieejama MAXIMA XX veikalos" class="tag tag-soap-3 tag-shops" style="background-image: url('/uploads/sale/piedavajums-speka-maxima-xx-veikalos-6057.png');                     ">
                </div>
                                                                            
                                <div data-alt="Prece pieejama MAXIMA XXX veikalos" class="tag tag-soap-4 tag-shops" style="background-image: url('/uploads/sale/piedavajums-speka-maxima-xxx-veikalos-3117.png');                     ">
                </div>
                            
                    </div>
        <div class="tags tags_primary info_icon">
            
    <div data-alt="Jauda 1000 W; Tvertnes tilpums 17 l; Vada garums 4 m" class="tag i"></div>

        </div>

        <div class="info-notice">
            


                                                                                                        </div>

        <div class="img">
          <img alt="Putekļu sūcējs KARCHER KWD 3, 1 gab." src="/uploads/sale/2026/sales_page/02/09//puteklu-sucejs-karcher-kwd-3-00112-0209103053.png?1770625853">
        </div>
        <div class="text paldies-card      ">
            <div class="title">Putekļu sūcējs KARCHER KWD 3, 1 gab.</div>
            <div class="pack">
                <span class="ptitle"></span>
                <span class="price"> </span>
            </div>
                    </div>
        <div class="infopop">
            <div class="in"><span></span>
                <div class="arrow_top"></div>
                <div class="arrow_bottom"></div>
            </div>
        </div>
    </div>
</div><div class="col-third offer-item">
    <div class="item bl_shadow product-243265   offer-2-l-sp-sku units-price        " data-product-id="243265" data-timeout="5" data-dates-interval="12.02. - 16.02.2026." tabindex="0" role="button">
                                                    <div class="discount price with-unit-price ">
                                                                                        <div class="bottom-icon with-unit-price">
                                    <span class="bottom-icon-item icon-51 " style="background-image: url('/uploads/sale/zemo-ceno-grozs-9876.png')" data-code="500">
                                                    <span class="sign">-</span>
                            <span class="value">40</span>
                            <span class="per">%</span>
                                            </span>
                            </div>
            
                    <div class="t1 with-unit-price ">
            <span class="value">2</span>
            <span class="cents">99</span>
            <span class="eur">€</span>
            <span class="unit-price">0,43 €/gab.</span>
        </div>
                    <div class="t2">
                <span class="value">4,99</span>
                <span class="eur">€</span>
            </div>
            <div class="t3 ">
                <span class="value">4</span>
                <span class="cents">99</span>
                <span class="eur">€</span>
                            </div>
            
    <span class="vline"></span>
</div>                    		
        
        
        <div class="tags tags_primary bottom_icons">
                                                            
                                <div data-alt="Prece pieejama MAXIMA XX veikalos" class="tag tag-soap-3 tag-shops" style="background-image: url('/uploads/sale/piedavajums-speka-maxima-xx-veikalos-6057.png');                     ">
                </div>
                                                                            
                                <div data-alt="Prece pieejama MAXIMA XXX veikalos" class="tag tag-soap-4 tag-shops" style="background-image: url('/uploads/sale/piedavajums-speka-maxima-xxx-veikalos-3117.png');                     ">
                </div>
                                            
                    </div>
        <div class="tags tags_primary info_icon">
            
    <div data-alt="ZIEDU PIEDĀVĀJUMI SPĒKĀ NO CETURTDIENAS, 12.02.&lt;br&gt;Prece pieejama 12.02. - 16.02." class="tag i"></div>

        </div>

        <div class="info-notice">
            


                                                                                                        </div>

        <div class="img">
          <img alt="Grieztie ziedi ĪRISI, 1 iepak./7 gab." src="/uploads/sale/2026/sales_page/02/09//grieztie-ziedi-irisi-00113-0209103053.png?1770625853">
        </div>
        <div class="text       ">
            <div class="title">Grieztie ziedi ĪRISI, 1 iepak./7 gab.</div>
            <div class="pack">
                <span class="ptitle"></span>
                <span class="price"> </span>
            </div>
                    </div>
        <div class="infopop">
            <div class="in"><span></span>
                <div class="arrow_top"></div>
                <div class="arrow_bottom"></div>
            </div>
        </div>
    </div>
</div><div class="col-third offer-item">
    <div class="item bl_shadow product-243266   offer-2-l-sp-sku units-price        " data-product-id="243266" data-timeout="5" data-dates-interval="12.02. - 16.02.2026." tabindex="0" role="button">
                                                    <div class="discount price with-unit-price ">
                        <div class="bottom-icon with-unit-price">
                                    <span class="bottom-icon-item icon-51 " style="background-image: url('/uploads/sale/zemo-ceno-grozs-9876.png')" data-code="500">
                                                    <span class="sign">-</span>
                            <span class="value">40</span>
                            <span class="per">%</span>
                                            </span>
                            </div>
            
                    <div class="t1 with-unit-price ">
            <span class="value">5</span>
            <span class="cents">99</span>
            <span class="eur">€</span>
            <span class="unit-price">0,40 €/gab.</span>
        </div>
                    <div class="t2">
                <span class="value">9,99</span>
                <span class="eur">€</span>
            </div>
            <div class="t3 ">
                <span class="value">9</span>
                <span class="cents">99</span>
                <span class="eur">€</span>
                            </div>
            
    <span class="vline"></span>
</div>                    		
        
        
        <div class="tags tags_primary bottom_icons">
                            
                    </div>
        <div class="tags tags_primary info_icon">
            
    <div data-alt="ZIEDU PIEDĀVĀJUMI SPĒKĀ NO CETURTDIENAS, 12.02.&lt;br&gt;Prece pieejama 12.02. - 16.02." class="tag i"></div>

        </div>

        <div class="info-notice">
            


                                                </div>

        <div class="img">
          <img alt="Grieztie ziedi TULPES, 1 iepak./15 gab." src="/uploads/sale/2026/sales_page/02/09//grieztie-ziedi-tulpes-00114-0209103054.png?1770625854">
        </div>
        <div class="text       ">
            <div class="title">Grieztie ziedi TULPES, 1 iepak./15 gab.</div>
            <div class="pack">
                <span class="ptitle"></span>
                <span class="price"> </span>
            </div>
                    </div>
        <div class="infopop">
            <div class="in"><span></span>
                <div class="arrow_top"></div>
                <div class="arrow_bottom"></div>
            </div>
        </div>
    </div>
</div><div class="col-third offer-item">
    <div class="item bl_shadow product-243247   offer-2-l-sp-sku units-price        " data-product-id="243247" data-timeout="5" data-dates-interval="12.02. - 16.02.2026." tabindex="0" role="button">
                                                    <div class="discount price with-unit-price ">
                                                                                        <div class="bottom-icon with-unit-price">
                                    <span class="bottom-icon-item icon-51 " style="background-image: url('/uploads/sale/zemo-ceno-grozs-9876.png')" data-code="500">
                                                    <span class="sign">-</span>
                            <span class="value">33</span>
                            <span class="per">%</span>
                                            </span>
                            </div>
            
                    <div class="t1 with-unit-price ">
            <span class="value">3</span>
            <span class="cents">99</span>
            <span class="eur">€</span>
            <span class="unit-price">0,57 €/gab.</span>
        </div>
                    <div class="t2">
                <span class="value">5,99</span>
                <span class="eur">€</span>
            </div>
            <div class="t3 ">
                <span class="value">5</span>
                <span class="cents">99</span>
                <span class="eur">€</span>
                            </div>
            
    <span class="vline"></span>
</div>                    		
        
        
        <div class="tags tags_primary bottom_icons">
                                                            
                                <div data-alt="Prece pieejama MAXIMA XX veikalos" class="tag tag-soap-3 tag-shops" style="background-image: url('/uploads/sale/piedavajums-speka-maxima-xx-veikalos-6057.png');                     ">
                </div>
                                                                            
                                <div data-alt="Prece pieejama MAXIMA XXX veikalos" class="tag tag-soap-4 tag-shops" style="background-image: url('/uploads/sale/piedavajums-speka-maxima-xxx-veikalos-3117.png');                     ">
                </div>
                                            
                    </div>
        <div class="tags tags_primary info_icon">
            
    <div data-alt="ZIEDU PIEDĀVĀJUMI SPĒKĀ NO CETURTDIENAS, 12.02.&lt;br&gt;Prece pieejama 12.02. - 16.02." class="tag i"></div>

        </div>

        <div class="info-notice">
            


                                                                                                        </div>

        <div class="img">
          <img alt="Grieztie ziedi ALSTROMĒRIJAS, 1 iepak./7 gab." src="/uploads/sale/2026/sales_page/02/09//grieztie-ziedi-alstromerijas-00115-0209103052.png?1770625852">
        </div>
        <div class="text       ">
            <div class="title">Grieztie ziedi ALSTROMĒRIJAS, 1 iepak./7 gab.</div>
            <div class="pack">
                <span class="ptitle"></span>
                <span class="price"> </span>
            </div>
                    </div>
        <div class="infopop">
            <div class="in"><span></span>
                <div class="arrow_top"></div>
                <div class="arrow_bottom"></div>
            </div>
        </div>
    </div>
</div><div class="col-third offer-item">
    <div class="item bl_shadow product-243248   offer-2-l-sp-sku units-price        " data-product-id="243248" data-timeout="5" data-dates-interval="12.02. - 16.02.2026." tabindex="0" role="button">
                                                    <div class="discount price with-unit-price ">
                        <div class="bottom-icon with-unit-price">
                                    <span class="bottom-icon-item icon-51 " style="background-image: url('/uploads/sale/zemo-ceno-grozs-9876.png')" data-code="500">
                                                    <span class="sign">-</span>
                            <span class="value">25</span>
                            <span class="per">%</span>
                                            </span>
                            </div>
            
                    <div class="t1 with-unit-price ">
            <span class="value">6</span>
            <span class="cents">99</span>
            <span class="eur">€</span>
            <span class="unit-price">1,00 €/gab.</span>
        </div>
                    <div class="t2">
                <span class="value">9,29</span>
                <span class="eur">€</span>
            </div>
            <div class="t3 ">
                <span class="value">9</span>
                <span class="cents">29</span>
                <span class="eur">€</span>
                            </div>
            
    <span class="vline"></span>
</div>                    		
        
        
        <div class="tags tags_primary bottom_icons">
                            
                    </div>
        <div class="tags tags_primary info_icon">
            
    <div data-alt="ZIEDU PIEDĀVĀJUMI SPĒKĀ NO CETURTDIENAS, 12.02.&lt;br&gt;Prece pieejama 12.02. - 16.02." class="tag i"></div>

        </div>

        <div class="info-notice">
            


                                                </div>

        <div class="img">
          <img alt="Grieztie ziedi ROZES, 1 iepak./7 gab., 50 cm" src="/uploads/sale/2026/sales_page/02/09//grieztie-ziedi-rozes-00116-0209103052.png?1770625852">
        </div>
        <div class="text       ">
            <div class="title">Grieztie ziedi ROZES, 1 iepak./7 gab., 50 cm</div>
            <div class="pack">
                <span class="ptitle"></span>
                <span class="price"> </span>
            </div>
                    </div>
        <div class="infopop">
            <div class="in"><span></span>
                <div class="arrow_top"></div>
                <div class="arrow_bottom"></div>
            </div>
        </div>
    </div>
</div><div class="col-third offer-item">
    <div class="item bl_shadow product-243249   offer-2-l-sp-sku units-price        " data-product-id="243249" data-timeout="5" data-dates-interval="12.02. - 16.02.2026." tabindex="0" role="button">
                                                    <div class="discount price with-unit-price ">
                        <div class="bottom-icon with-unit-price">
                                    <span class="bottom-icon-item icon-51 " style="background-image: url('/uploads/sale/zemo-ceno-grozs-9876.png')" data-code="500">
                                                    <span class="sign">-</span>
                            <span class="value">40</span>
                            <span class="per">%</span>
                                            </span>
                            </div>
            
                    <div class="t1 with-unit-price ">
            <span class="value">2</span>
            <span class="cents">99</span>
            <span class="eur">€</span>
            <span class="unit-price">0,20 €/gab.</span>
        </div>
                    <div class="t2">
                <span class="value">4,99</span>
                <span class="eur">€</span>
            </div>
            <div class="t3 ">
                <span class="value">4</span>
                <span class="cents">99</span>
                <span class="eur">€</span>
                            </div>
            
    <span class="vline"></span>
</div>                    		
        
        
        <div class="tags tags_primary bottom_icons">
                            
                    </div>
        <div class="tags tags_primary info_icon">
            
    <div data-alt="ZIEDU PIEDĀVĀJUMI SPĒKĀ NO CETURTDIENAS, 12.02.&lt;br&gt;Prece pieejama 12.02. - 16.02." class="tag i"></div>

        </div>

        <div class="info-notice">
            


                                                </div>

        <div class="img">
          <img alt="Grieztie ziedi ROZES, 1 iepak./15 gab., 30 cm" src="/uploads/sale/2026/sales_page/02/09//grieztie-ziedi-rozes-00117-0209103052.png?1770625852">
        </div>
        <div class="text       ">
            <div class="title">Grieztie ziedi ROZES, 1 iepak./15 gab., 30 cm</div>
            <div class="pack">
                <span class="ptitle"></span>
                <span class="price"> </span>
            </div>
                    </div>
        <div class="infopop">
            <div class="in"><span></span>
                <div class="arrow_top"></div>
                <div class="arrow_bottom"></div>
            </div>
        </div>
    </div>
</div><div class="col-third offer-item">
    <div class="item bl_shadow product-243250   offer-2-l-sp-sku units-price        " data-product-id="243250" data-timeout="5" data-dates-interval="12.02. - 16.02.2026." tabindex="0" role="button">
                                                    <div class="discount price with-unit-price ">
                        <div class="bottom-icon with-unit-price">
                                    <span class="bottom-icon-item icon-51 " style="background-image: url('/uploads/sale/zemo-ceno-grozs-9876.png')" data-code="500">
                                                    <span class="sign">-</span>
                            <span class="value">37</span>
                            <span class="per">%</span>
                                            </span>
                            </div>
            
                    <div class="t1 with-unit-price ">
            <span class="value">3</span>
            <span class="cents">99</span>
            <span class="eur">€</span>
            <span class="unit-price">0,44 €/gab.</span>
        </div>
                    <div class="t2">
                <span class="value">6,29</span>
                <span class="eur">€</span>
            </div>
            <div class="t3 ">
                <span class="value">6</span>
                <span class="cents">29</span>
                <span class="eur">€</span>
                            </div>
            
    <span class="vline"></span>
</div>                    		
        
        
        <div class="tags tags_primary bottom_icons">
                            
                    </div>
        <div class="tags tags_primary info_icon">
            
    <div data-alt="ZIEDU PIEDĀVĀJUMI SPĒKĀ NO CETURTDIENAS, 12.02.&lt;br&gt;Prece pieejama 12.02. - 16.02." class="tag i"></div>

        </div>

        <div class="info-notice">
            


                                                </div>

        <div class="img">
          <img alt="Grieztie ziedi ROZES, 1 iepak./9 gab., 40 cm" src="/uploads/sale/2026/sales_page/02/09//grieztie-ziedi-rozes-00118-0209103052.png?1770625852">
        </div>
        <div class="text       ">
            <div class="title">Grieztie ziedi ROZES, 1 iepak./9 gab., 40 cm</div>
            <div class="pack">
                <span class="ptitle"></span>
                <span class="price"> </span>
            </div>
                    </div>
        <div class="infopop">
            <div class="in"><span></span>
                <div class="arrow_top"></div>
                <div class="arrow_bottom"></div>
            </div>
        </div>
    </div>
</div><div class="col-third offer-item">
    <div class="item bl_shadow product-243251   offer-2-l-sp-sku units-price        " data-product-id="243251" data-timeout="5" data-dates-interval="12.02. - 16.02.2026." tabindex="0" role="button">
                                                    <div class="discount price with-unit-price ">
                        <div class="bottom-icon with-unit-price">
                                    <span class="bottom-icon-item icon-51 " style="background-image: url('/uploads/sale/zemo-ceno-grozs-9876.png')" data-code="500">
                                                    <span class="sign">-</span>
                            <span class="value">37</span>
                            <span class="per">%</span>
                                            </span>
                            </div>
            
                    <div class="t1 with-unit-price ">
            <span class="value">3</span>
            <span class="cents">99</span>
            <span class="eur">€</span>
            <span class="unit-price">0,44 €/gab.</span>
        </div>
                    <div class="t2">
                <span class="value">6,29</span>
                <span class="eur">€</span>
            </div>
            <div class="t3 ">
                <span class="value">6</span>
                <span class="cents">29</span>
                <span class="eur">€</span>
                            </div>
            
    <span class="vline"></span>
</div>                    		
        
        
        <div class="tags tags_primary bottom_icons">
                            
                    </div>
        <div class="tags tags_primary info_icon">
            
    <div data-alt="ZIEDU PIEDĀVĀJUMI SPĒKĀ NO CETURTDIENAS, 12.02.&lt;br&gt;Prece pieejama 12.02. - 16.02." class="tag i"></div>

        </div>

        <div class="info-notice">
            


                                                </div>

        <div class="img">
          <img alt="Grieztie ziedi TULPES, 1 iepak./9 gab." src="/uploads/sale/2026/sales_page/02/09//grieztie-ziedi-tulpes-00119-0209103052.png?1770625852">
        </div>
        <div class="text       ">
            <div class="title">Grieztie ziedi TULPES, 1 iepak./9 gab.</div>
            <div class="pack">
                <span class="ptitle"></span>
                <span class="price"> </span>
            </div>
                    </div>
        <div class="infopop">
            <div class="in"><span></span>
                <div class="arrow_top"></div>
                <div class="arrow_bottom"></div>
            </div>
        </div>
    </div>
</div><div class="col-third offer-item">
    <div class="item bl_shadow product-243252   offer-2-l-sp-sku units-price        " data-product-id="243252" data-timeout="5" data-dates-interval="12.02. - 16.02.2026." tabindex="0" role="button">
                                                    <div class="discount price with-unit-price ">
                        <div class="bottom-icon with-unit-price">
                                    <span class="bottom-icon-item icon-51 " style="background-image: url('/uploads/sale/zemo-ceno-grozs-9876.png')" data-code="500">
                                                    <span class="sign">-</span>
                            <span class="value">38</span>
                            <span class="per">%</span>
                                            </span>
                            </div>
            
                    <div class="t1 with-unit-price ">
            <span class="value">9</span>
            <span class="cents">99</span>
            <span class="eur">€</span>
            <span class="unit-price">0,40 €/gab.</span>
        </div>
                    <div class="t2">
                <span class="value">15,99</span>
                <span class="eur">€</span>
            </div>
            <div class="t3 ">
                <span class="value">15</span>
                <span class="cents">99</span>
                <span class="eur">€</span>
                            </div>
            
    <span class="vline"></span>
</div>                    		
        
        
        <div class="tags tags_primary bottom_icons">
                            
                    </div>
        <div class="tags tags_primary info_icon">
            
    <div data-alt="ZIEDU PIEDĀVĀJUMI SPĒKĀ NO CETURTDIENAS, 12.02.&lt;br&gt;Prece pieejama 12.02. - 16.02." class="tag i"></div>

        </div>

        <div class="info-notice">
            


                                                </div>

        <div class="img">
          <img alt="Grieztie ziedi TULPES, 1 iepak./25 gab." src="/uploads/sale/2026/sales_page/02/09//grieztie-ziedi-tulpes-00120-0209103052.png?1770625852">
        </div>
        <div class="text       ">
            <div class="title">Grieztie ziedi TULPES, 1 iepak./25 gab.</div>
            <div class="pack">
                <span class="ptitle"></span>
                <span class="price"> </span>
            </div>
                    </div>
        <div class="infopop">
            <div class="in"><span></span>
                <div class="arrow_top"></div>
                <div class="arrow_bottom"></div>
            </div>
        </div>
    </div>
</div><div class="col-third offer-item">
    <div class="item bl_shadow product-243253   offer-2-l-sp-sku units-price        " data-product-id="243253" data-timeout="5" data-dates-interval="12.02. - 16.02.2026." tabindex="0" role="button">
                                                    <div class="discount price with-unit-price ">
                        <div class="bottom-icon with-unit-price">
                                    <span class="bottom-icon-item icon-51 " style="background-image: url('/uploads/sale/zemo-ceno-grozs-9876.png')" data-code="500">
                                                    <span class="sign">-</span>
                            <span class="value">33</span>
                            <span class="per">%</span>
                                            </span>
                            </div>
            
                    <div class="t1 with-unit-price ">
            <span class="value">3</span>
            <span class="cents">99</span>
            <span class="eur">€</span>
            <span class="unit-price">0,36 €/gab.</span>
        </div>
                    <div class="t2">
                <span class="value">5,99</span>
                <span class="eur">€</span>
            </div>
            <div class="t3 ">
                <span class="value">5</span>
                <span class="cents">99</span>
                <span class="eur">€</span>
                            </div>
            
    <span class="vline"></span>
</div>                    		
        
        
        <div class="tags tags_primary bottom_icons">
                            
                    </div>
        <div class="tags tags_primary info_icon">
            
    <div data-alt="ZIEDU PIEDĀVĀJUMI SPĒKĀ NO CETURTDIENAS, 12.02.&lt;br&gt;Prece pieejama 12.02. - 16.02." class="tag i"></div>

        </div>

        <div class="info-notice">
            


                                                </div>

        <div class="img">
          <img alt="Grieztie ziedi ROZES, 1 iepak./11 gab., 35 cm" src="/uploads/sale/2026/sales_page/02/09//grieztie-ziedi-rozes-00121-0209103052.png?1770625852">
        </div>
        <div class="text       ">
            <div class="title">Grieztie ziedi ROZES, 1 iepak./11 gab., 35 cm</div>
            <div class="pack">
                <span class="ptitle"></span>
                <span class="price"> </span>
            </div>
                    </div>
        <div class="infopop">
            <div class="in"><span></span>
                <div class="arrow_top"></div>
                <div class="arrow_bottom"></div>
            </div>
        </div>
    </div>
</div><div class="col-third offer-item">
    <div class="item bl_shadow product-243254   offer-2-l-sp-sku units-price        " data-product-id="243254" data-timeout="5" data-dates-interval="12.02. - 16.02.2026." tabindex="0" role="button">
                                                    <div class="discount price with-unit-price ">
                                                                                        <div class="bottom-icon with-unit-price">
                                    <span class="bottom-icon-item icon-51 " style="background-image: url('/uploads/sale/zemo-ceno-grozs-9876.png')" data-code="500">
                                                    <span class="sign">-</span>
                            <span class="value">43</span>
                            <span class="per">%</span>
                                            </span>
                            </div>
            
                    <div class="t1 with-unit-price ">
            <span class="value">3</span>
            <span class="cents">99</span>
            <span class="eur">€</span>
            <span class="unit-price">0,80 €/gab.</span>
        </div>
                    <div class="t2">
                <span class="value">6,99</span>
                <span class="eur">€</span>
            </div>
            <div class="t3 ">
                <span class="value">6</span>
                <span class="cents">99</span>
                <span class="eur">€</span>
                            </div>
            
    <span class="vline"></span>
</div>                    		
        
        
        <div class="tags tags_primary bottom_icons">
                                                            
                                <div data-alt="Prece pieejama MAXIMA XX veikalos" class="tag tag-soap-3 tag-shops" style="background-image: url('/uploads/sale/piedavajums-speka-maxima-xx-veikalos-6057.png');                     ">
                </div>
                                                                            
                                <div data-alt="Prece pieejama MAXIMA XXX veikalos" class="tag tag-soap-4 tag-shops" style="background-image: url('/uploads/sale/piedavajums-speka-maxima-xxx-veikalos-3117.png');                     ">
                </div>
                                            
                    </div>
        <div class="tags tags_primary info_icon">
            
    <div data-alt="ZIEDU PIEDĀVĀJUMI SPĒKĀ NO CETURTDIENAS, 12.02.&lt;br&gt;Prece pieejama 12.02. - 16.02." class="tag i"></div>

        </div>

        <div class="info-notice">
            


                                                                                                        </div>

        <div class="img">
          <img alt="Grieztie ziedi ĢIPSENES, 1 iepak./5 gab." src="/uploads/sale/2026/sales_page/02/09//grieztie-ziedi-gipsenes-00122-0209103052.png?1770625852">
        </div>
        <div class="text       ">
            <div class="title">Grieztie ziedi ĢIPSENES, 1 iepak./5 gab.</div>
            <div class="pack">
                <span class="ptitle"></span>
                <span class="price"> </span>
            </div>
                    </div>
        <div class="infopop">
            <div class="in"><span></span>
                <div class="arrow_top"></div>
                <div class="arrow_bottom"></div>
            </div>
        </div>
    </div>
</div><div class="col-third offer-item">
    <div class="item bl_shadow product-243255   offer-2-l-sp-sku units-price        " data-product-id="243255" data-timeout="5" data-dates-interval="12.02. - 16.02.2026." tabindex="0" role="button">
                                                    <div class="discount price with-unit-price ">
                        <div class="bottom-icon with-unit-price">
                                    <span class="bottom-icon-item icon-51 " style="background-image: url('/uploads/sale/zemo-ceno-grozs-9876.png')" data-code="500">
                                                    <span class="sign">-</span>
                            <span class="value">33</span>
                            <span class="per">%</span>
                                            </span>
                            </div>
            
                    <div class="t1 with-unit-price ">
            <span class="value">3</span>
            <span class="cents">99</span>
            <span class="eur">€</span>
            <span class="unit-price">0,80 €/gab.</span>
        </div>
                    <div class="t2">
                <span class="value">5,99</span>
                <span class="eur">€</span>
            </div>
            <div class="t3 ">
                <span class="value">5</span>
                <span class="cents">99</span>
                <span class="eur">€</span>
                            </div>
            
    <span class="vline"></span>
</div>                    		
        
        
        <div class="tags tags_primary bottom_icons">
                            
                    </div>
        <div class="tags tags_primary info_icon">
            
    <div data-alt="ZIEDU PIEDĀVĀJUMI SPĒKĀ NO CETURTDIENAS, 12.02.&lt;br&gt;Prece pieejama 12.02. - 16.02." class="tag i"></div>

        </div>

        <div class="info-notice">
            


                                                </div>

        <div class="img">
          <img alt="Grieztie ziedi KRIZANTĒMAS, 1 iepak./5 gab." src="/uploads/sale/2026/sales_page/02/09//grieztie-ziedi-krizantemas-00123-0209103052.png?1770625852">
        </div>
        <div class="text       ">
            <div class="title">Grieztie ziedi KRIZANTĒMAS, 1 iepak./5 gab.</div>
            <div class="pack">
                <span class="ptitle"></span>
                <span class="price"> </span>
            </div>
                    </div>
        <div class="infopop">
            <div class="in"><span></span>
                <div class="arrow_top"></div>
                <div class="arrow_bottom"></div>
            </div>
        </div>
    </div>
</div><div class="col-third offer-item">
    <div class="item bl_shadow product-243256   offer-2-l-sp-sku         " data-product-id="243256" data-timeout="5" data-dates-interval="12.02. - 16.02.2026." tabindex="0" role="button">
                                                    <div class="discount price  ">
                                                                                        <div class="bottom-icon ">
                                    <span class="bottom-icon-item icon-51 " style="background-image: url('/uploads/sale/zemo-ceno-grozs-9876.png')" data-code="500">
                                                    <span class="sign">-</span>
                            <span class="value">42</span>
                            <span class="per">%</span>
                                            </span>
                            </div>
            
                    <div class="t1  ">
            <span class="value">5</span>
            <span class="cents">99</span>
            <span class="eur">€</span>
            <span class="unit-price"></span>
        </div>
                    <div class="t2">
                <span class="value">10,29</span>
                <span class="eur">€</span>
            </div>
            <div class="t3 ">
                <span class="value">10</span>
                <span class="cents">29</span>
                <span class="eur">€</span>
                            </div>
            
    <span class="vline"></span>
</div>                    		
        
        
        <div class="tags tags_primary bottom_icons">
                                                            
                                <div data-alt="Prece pieejama MAXIMA XX veikalos" class="tag tag-soap-3 tag-shops" style="background-image: url('/uploads/sale/piedavajums-speka-maxima-xx-veikalos-6057.png');                     ">
                </div>
                                                                            
                                <div data-alt="Prece pieejama MAXIMA XXX veikalos" class="tag tag-soap-4 tag-shops" style="background-image: url('/uploads/sale/piedavajums-speka-maxima-xxx-veikalos-3117.png');                     ">
                </div>
                                            
                    </div>
        <div class="tags tags_primary info_icon">
            
    <div data-alt="ZIEDU PIEDĀVĀJUMI SPĒKĀ NO CETURTDIENAS, 12.02.&lt;br&gt;Prece pieejama 12.02. - 16.02." class="tag i"></div>

        </div>

        <div class="info-notice">
            


                                                                                                        </div>

        <div class="img">
          <img alt="Telpaugs ORHIDEJA MIX, 1 gab." src="/uploads/sale/2026/sales_page/02/09//telpaugs-orhideja-mix-00124-0209103052.png?1770625852">
        </div>
        <div class="text       ">
            <div class="title">Telpaugs ORHIDEJA MIX, 1 gab.</div>
            <div class="pack">
                <span class="ptitle"></span>
                <span class="price"> </span>
            </div>
                    </div>
        <div class="infopop">
            <div class="in"><span></span>
                <div class="arrow_top"></div>
                <div class="arrow_bottom"></div>
            </div>
        </div>
    </div>
</div><div class="col-third offer-item">
    <div class="item bl_shadow product-243267   offer-2-l-sp-sku         " data-product-id="243267" data-timeout="5" data-dates-interval="12.02. - 16.02.2026." tabindex="0" role="button">
                                                    <div class="discount price  ">
                                                                                        <div class="bottom-icon ">
                                    <span class="bottom-icon-item icon-51 " style="background-image: url('/uploads/sale/zemo-ceno-grozs-9876.png')" data-code="500">
                                                    <span class="sign">-</span>
                            <span class="value">33</span>
                            <span class="per">%</span>
                                            </span>
                            </div>
            
                    <div class="t1  ">
            <span class="value">4</span>
            <span class="cents">99</span>
            <span class="eur">€</span>
            <span class="unit-price"></span>
        </div>
                    <div class="t2">
                <span class="value">7,49</span>
                <span class="eur">€</span>
            </div>
            <div class="t3 ">
                <span class="value">7</span>
                <span class="cents">49</span>
                <span class="eur">€</span>
                            </div>
            
    <span class="vline"></span>
</div>                    		
        
        
        <div class="tags tags_primary bottom_icons">
                                                            
                                <div data-alt="Prece pieejama MAXIMA XX veikalos" class="tag tag-soap-3 tag-shops" style="background-image: url('/uploads/sale/piedavajums-speka-maxima-xx-veikalos-6057.png');                     ">
                </div>
                                                                            
                                <div data-alt="Prece pieejama MAXIMA XXX veikalos" class="tag tag-soap-4 tag-shops" style="background-image: url('/uploads/sale/piedavajums-speka-maxima-xxx-veikalos-3117.png');                     ">
                </div>
                                            
                    </div>
        <div class="tags tags_primary info_icon">
            
    <div data-alt="ZIEDU PIEDĀVĀJUMI SPĒKĀ NO CETURTDIENAS, 12.02.&lt;br&gt;Prece pieejama 12.02. - 16.02." class="tag i"></div>

        </div>

        <div class="info-notice">
            


                                                                                                        </div>

        <div class="img">
          <img alt="Telpaugs KALLA, 1 gab., Ø12 cm" src="/uploads/sale/2026/sales_page/02/09//telpaugs-kalla-00125-0209103055.png?1770625855">
        </div>
        <div class="text       ">
            <div class="title">Telpaugs KALLA, 1 gab., Ø12 cm</div>
            <div class="pack">
                <span class="ptitle"></span>
                <span class="price"> </span>
            </div>
                    </div>
        <div class="infopop">
            <div class="in"><span></span>
                <div class="arrow_top"></div>
                <div class="arrow_bottom"></div>
            </div>
        </div>
    </div>
</div><div class="col-third offer-item">
    <div class="item bl_shadow product-243263 paldies-card  offer-2-l-sp-sku         " data-product-id="243263" data-timeout="5" data-dates-interval="10.02. - 16.02.2026." tabindex="0" role="button">
                                                    <div class="discount price  ">
                                                                            <div class="paldies-card-icon ">
                        <img src="/images/front/icons/paldies2-icon.png" alt="Paldies">
                    </div>
                                                                                                
                    <div class="t1  paldies-card">
            <span class="value">79</span>
            <span class="cents">99</span>
            <span class="eur">€</span>
            <span class="unit-price"></span>
        </div>
                    <div class="t2">
                <span class="value">129,99</span>
                <span class="eur">€</span>
            </div>
            <div class="t3 ">
                <span class="value">129</span>
                <span class="cents">99</span>
                <span class="eur">€</span>
                            </div>
            
    <span class="vline"></span>
</div>                    		
        
        
        <div class="tags tags_primary bottom_icons">
                                                            
                                <div data-alt="Atlaide ar PALDIES karti" class="tag tag-soap-2 " style="background-image: url('/uploads/sale/atlaide-ar-paldies-karti-7358.png');                     ">
                </div>
                                                                            
                                <div data-alt="Prece pieejama MAXIMA XX veikalos" class="tag tag-soap-3 tag-shops" style="background-image: url('/uploads/sale/piedavajums-speka-maxima-xx-veikalos-6057.png');                     ">
                </div>
                                                                            
                                <div data-alt="Prece pieejama MAXIMA XXX veikalos" class="tag tag-soap-4 tag-shops" style="background-image: url('/uploads/sale/piedavajums-speka-maxima-xxx-veikalos-3117.png');                     ">
                </div>
                            
                    </div>
        <div class="tags tags_primary info_icon">
            
    <div data-alt="Putekļu tvertnes tilpums 550 ml; Darbības ilgums pēc uzlādes ~ 40 min; Uzlādes laiks ~ 270 min" class="tag i"></div>

        </div>

        <div class="info-notice">
            


                                                                                                        </div>

        <div class="img">
          <img alt="Putekļu sūcējs XIAOMI G20, 1 gab." src="/uploads/sale/2026/sales_page/02/09//puteklu-sucejs-xiaomi-g20-00111-0209103053.png?1770625853">
        </div>
        <div class="text paldies-card      ">
            <div class="title">Putekļu sūcējs XIAOMI G20, 1 gab.</div>
            <div class="pack">
                <span class="ptitle"></span>
                <span class="price"> </span>
            </div>
                    </div>
        <div class="infopop">
            <div class="in"><span></span>
                <div class="arrow_top"></div>
                <div class="arrow_bottom"></div>
            </div>
        </div>
    </div>
</div><div class="col-third offer-item">
    <div class="item bl_shadow product-243264 paldies-card  offer-2-l-sp-sku         " data-product-id="243264" data-timeout="5" data-dates-interval="10.02. - 16.02.2026." tabindex="0" role="button">
                                                    <div class="discount price  ">
                                                                            <div class="paldies-card-icon ">
                        <img src="/images/front/icons/paldies2-icon.png" alt="Paldies">
                    </div>
                                                                                                
                    <div class="t1  paldies-card">
            <span class="value">59</span>
            <span class="cents">99</span>
            <span class="eur">€</span>
            <span class="unit-price"></span>
        </div>
                    <div class="t2">
                <span class="value">129,99</span>
                <span class="eur">€</span>
            </div>
            <div class="t3 ">
                <span class="value">129</span>
                <span class="cents">99</span>
                <span class="eur">€</span>
                            </div>
            
    <span class="vline"></span>
</div>                    		
        
        
        <div class="tags tags_primary bottom_icons">
                                                            
                                <div data-alt="Atlaide ar PALDIES karti" class="tag tag-soap-2 " style="background-image: url('/uploads/sale/atlaide-ar-paldies-karti-7358.png');                     ">
                </div>
                                                                            
                                <div data-alt="Prece pieejama MAXIMA XX veikalos" class="tag tag-soap-3 tag-shops" style="background-image: url('/uploads/sale/piedavajums-speka-maxima-xx-veikalos-6057.png');                     ">
                </div>
                                                                            
                                <div data-alt="Prece pieejama MAXIMA XXX veikalos" class="tag tag-soap-4 tag-shops" style="background-image: url('/uploads/sale/piedavajums-speka-maxima-xxx-veikalos-3117.png');                     ">
                </div>
                            
                    </div>
        <div class="tags tags_primary info_icon">
            
    <div data-alt="Jauda 1000 W; Tvertnes tilpums 17 l; Vada garums 4 m" class="tag i"></div>

        </div>

        <div class="info-notice">
            


                                                                                                        </div>

        <div class="img">
          <img alt="Putekļu sūcējs KARCHER KWD 3, 1 gab." src="/uploads/sale/2026/sales_page/02/09//puteklu-sucejs-karcher-kwd-3-00112-0209103053.png?1770625853">
        </div>
        <div class="text paldies-card      ">
            <div class="title">Putekļu sūcējs KARCHER KWD 3, 1 gab.</div>
            <div class="pack">
                <span class="ptitle"></span>
                <span class="price"> </span>
            </div>
                    </div>
        <div class="infopop">
            <div class="in"><span></span>
                <div class="arrow_top"></div>
                <div class="arrow_bottom"></div>
            </div>
        </div>
    </div>
</div><div class="col-third offer-item">
    <div class="item bl_shadow product-243265   offer-2-l-sp-sku units-price        " data-product-id="243265" data-timeout="5" data-dates-interval="12.02. - 16.02.2026." tabindex="0" role="button">
                                                    <div class="discount price with-unit-price ">
                                                                                        <div class="bottom-icon with-unit-price">
                                    <span class="bottom-icon-item icon-51 " style="background-image: url('/uploads/sale/zemo-ceno-grozs-9876.png')" data-code="500">
                                                    <span class="sign">-</span>
                            <span class="value">40</span>
                            <span class="per">%</span>
                                            </span>
                            </div>
            
                    <div class="t1 with-unit-price ">
            <span class="value">2</span>
            <span class="cents">99</span>
            <span class="eur">€</span>
            <span class="unit-price">0,43 €/gab.</span>
        </div>
                    <div class="t2">
                <span class="value">4,99</span>
                <span class="eur">€</span>
            </div>
            <div class="t3 ">
                <span class="value">4</span>
                <span class="cents">99</span>
                <span class="eur">€</span>
                            </div>
            
    <span class="vline"></span>
</div>                    		
        
        
        <div class="tags tags_primary bottom_icons">
                                                            
                                <div data-alt="Prece pieejama MAXIMA XX veikalos" class="tag tag-soap-3 tag-shops" style="background-image: url('/uploads/sale/piedavajums-speka-maxima-xx-veikalos-6057.png');                     ">
                </div>
                                                                            
                                <div data-alt="Prece pieejama MAXIMA XXX veikalos" class="tag tag-soap-4 tag-shops" style="background-image: url('/uploads/sale/piedavajums-speka-maxima-xxx-veikalos-3117.png');                     ">
                </div>
                                            
                    </div>
        <div class="tags tags_primary info_icon">
            
    <div data-alt="ZIEDU PIEDĀVĀJUMI SPĒKĀ NO CETURTDIENAS, 12.02.&lt;br&gt;Prece pieejama 12.02. - 16.02." class="tag i"></div>

        </div>

        <div class="info-notice">
            


                                                                                                        </div>

        <div class="img">
          <img alt="Grieztie ziedi ĪRISI, 1 iepak./7 gab." src="/uploads/sale/2026/sales_page/02/09//grieztie-ziedi-irisi-00113-0209103053.png?1770625853">
        </div>
        <div class="text       ">
            <div class="title">Grieztie ziedi ĪRISI, 1 iepak./7 gab.</div>
            <div class="pack">
                <span class="ptitle"></span>
                <span class="price"> </span>
            </div>
                    </div>
        <div class="infopop">
            <div class="in"><span></span>
                <div class="arrow_top"></div>
                <div class="arrow_bottom"></div>
            </div>
        </div>
    </div>
</div><div class="col-third offer-item">
    <div class="item bl_shadow product-243266   offer-2-l-sp-sku units-price        " data-product-id="243266" data-timeout="5" data-dates-interval="12.02. - 16.02.2026." tabindex="0" role="button">
                                                    <div class="discount price with-unit-price ">
                        <div class="bottom-icon with-unit-price">
                                    <span class="bottom-icon-item icon-51 " style="background-image: url('/uploads/sale/zemo-ceno-grozs-9876.png')" data-code="500">
                                                    <span class="sign">-</span>
                            <span class="value">40</span>
                            <span class="per">%</span>
                                            </span>
                            </div>
            
                    <div class="t1 with-unit-price ">
            <span class="value">5</span>
            <span class="cents">99</span>
            <span class="eur">€</span>
            <span class="unit-price">0,40 €/gab.</span>
        </div>
                    <div class="t2">
                <span class="value">9,99</span>
                <span class="eur">€</span>
            </div>
            <div class="t3 ">
                <span class="value">9</span>
                <span class="cents">99</span>
                <span class="eur">€</span>
                            </div>
            
    <span class="vline"></span>
</div>                    		
        
        
        <div class="tags tags_primary bottom_icons">
                            
                    </div>
        <div class="tags tags_primary info_icon">
            
    <div data-alt="ZIEDU PIEDĀVĀJUMI SPĒKĀ NO CETURTDIENAS, 12.02.&lt;br&gt;Prece pieejama 12.02. - 16.02." class="tag i"></div>

        </div>

        <div class="info-notice">
            


                                                </div>

        <div class="img">
          <img alt="Grieztie ziedi TULPES, 1 iepak./15 gab." src="/uploads/sale/2026/sales_page/02/09//grieztie-ziedi-tulpes-00114-0209103054.png?1770625854">
        </div>
        <div class="text       ">
            <div class="title">Grieztie ziedi TULPES, 1 iepak./15 gab.</div>
            <div class="pack">
                <span class="ptitle"></span>
                <span class="price"> </span>
            </div>
                    </div>
        <div class="infopop">
            <div class="in"><span></span>
                <div class="arrow_top"></div>
                <div class="arrow_bottom"></div>
            </div>
        </div>
    </div>
</div><div class="col-third offer-item">
    <div class="item bl_shadow product-243247   offer-2-l-sp-sku units-price        " data-product-id="243247" data-timeout="5" data-dates-interval="12.02. - 16.02.2026." tabindex="0" role="button">
                                                    <div class="discount price with-unit-price ">
                                                                                        <div class="bottom-icon with-unit-price">
                                    <span class="bottom-icon-item icon-51 " style="background-image: url('/uploads/sale/zemo-ceno-grozs-9876.png')" data-code="500">
                                                    <span class="sign">-</span>
                            <span class="value">33</span>
                            <span class="per">%</span>
                                            </span>
                            </div>
            
                    <div class="t1 with-unit-price ">
            <span class="value">3</span>
            <span class="cents">99</span>
            <span class="eur">€</span>
            <span class="unit-price">0,57 €/gab.</span>
        </div>
                    <div class="t2">
                <span class="value">5,99</span>
                <span class="eur">€</span>
            </div>
            <div class="t3 ">
                <span class="value">5</span>
                <span class="cents">99</span>
                <span class="eur">€</span>
                            </div>
            
    <span class="vline"></span>
</div>                    		
        
        
        <div class="tags tags_primary bottom_icons">
                                                            
                                <div data-alt="Prece pieejama MAXIMA XX veikalos" class="tag tag-soap-3 tag-shops" style="background-image: url('/uploads/sale/piedavajums-speka-maxima-xx-veikalos-6057.png');                     ">
                </div>
                                                                            
                                <div data-alt="Prece pieejama MAXIMA XXX veikalos" class="tag tag-soap-4 tag-shops" style="background-image: url('/uploads/sale/piedavajums-speka-maxima-xxx-veikalos-3117.png');                     ">
                </div>
                                            
                    </div>
        <div class="tags tags_primary info_icon">
            
    <div data-alt="ZIEDU PIEDĀVĀJUMI SPĒKĀ NO CETURTDIENAS, 12.02.&lt;br&gt;Prece pieejama 12.02. - 16.02." class="tag i"></div>

        </div>

        <div class="info-notice">
            


                                                                                                        </div>

        <div class="img">
          <img alt="Grieztie ziedi ALSTROMĒRIJAS, 1 iepak./7 gab." src="/uploads/sale/2026/sales_page/02/09//grieztie-ziedi-alstromerijas-00115-0209103052.png?1770625852">
        </div>
        <div class="text       ">
            <div class="title">Grieztie ziedi ALSTROMĒRIJAS, 1 iepak./7 gab.</div>
            <div class="pack">
                <span class="ptitle"></span>
                <span class="price"> </span>
            </div>
                    </div>
        <div class="infopop">
            <div class="in"><span></span>
                <div class="arrow_top"></div>
                <div class="arrow_bottom"></div>
            </div>
        </div>
    </div>
</div><div class="col-third offer-item">
    <div class="item bl_shadow product-243248   offer-2-l-sp-sku units-price        " data-product-id="243248" data-timeout="5" data-dates-interval="12.02. - 16.02.2026." tabindex="0" role="button">
                                                    <div class="discount price with-unit-price ">
                        <div class="bottom-icon with-unit-price">
                                    <span class="bottom-icon-item icon-51 " style="background-image: url('/uploads/sale/zemo-ceno-grozs-9876.png')" data-code="500">
                                                    <span class="sign">-</span>
                            <span class="value">25</span>
                            <span class="per">%</span>
                                            </span>
                            </div>
            
                    <div class="t1 with-unit-price ">
            <span class="value">6</span>
            <span class="cents">99</span>
            <span class="eur">€</span>
            <span class="unit-price">1,00 €/gab.</span>
        </div>
                    <div class="t2">
                <span class="value">9,29</span>
                <span class="eur">€</span>
            </div>
            <div class="t3 ">
                <span class="value">9</span>
                <span class="cents">29</span>
                <span class="eur">€</span>
                            </div>
            
    <span class="vline"></span>
</div>                    		
        
        
        <div class="tags tags_primary bottom_icons">
                            
                    </div>
        <div class="tags tags_primary info_icon">
            
    <div data-alt="ZIEDU PIEDĀVĀJUMI SPĒKĀ NO CETURTDIENAS, 12.02.&lt;br&gt;Prece pieejama 12.02. - 16.02." class="tag i"></div>

        </div>

        <div class="info-notice">
            


                                                </div>

        <div class="img">
          <img alt="Grieztie ziedi ROZES, 1 iepak./7 gab., 50 cm" src="/uploads/sale/2026/sales_page/02/09//grieztie-ziedi-rozes-00116-0209103052.png?1770625852">
        </div>
        <div class="text       ">
            <div class="title">Grieztie ziedi ROZES, 1 iepak./7 gab., 50 cm</div>
            <div class="pack">
                <span class="ptitle"></span>
                <span class="price"> </span>
            </div>
                    </div>
        <div class="infopop">
            <div class="in"><span></span>
                <div class="arrow_top"></div>
                <div class="arrow_bottom"></div>
            </div>
        </div>
    </div>
</div><div class="col-third offer-item">
    <div class="item bl_shadow product-243249   offer-2-l-sp-sku units-price        " data-product-id="243249" data-timeout="5" data-dates-interval="12.02. - 16.02.2026." tabindex="0" role="button">
                                                    <div class="discount price with-unit-price ">
                        <div class="bottom-icon with-unit-price">
                                    <span class="bottom-icon-item icon-51 " style="background-image: url('/uploads/sale/zemo-ceno-grozs-9876.png')" data-code="500">
                                                    <span class="sign">-</span>
                            <span class="value">40</span>
                            <span class="per">%</span>
                                            </span>
                            </div>
            
                    <div class="t1 with-unit-price ">
            <span class="value">2</span>
            <span class="cents">99</span>
            <span class="eur">€</span>
            <span class="unit-price">0,20 €/gab.</span>
        </div>
                    <div class="t2">
                <span class="value">4,99</span>
                <span class="eur">€</span>
            </div>
            <div class="t3 ">
                <span class="value">4</span>
                <span class="cents">99</span>
                <span class="eur">€</span>
                            </div>
            
    <span class="vline"></span>
</div>                    		
        
        
        <div class="tags tags_primary bottom_icons">
                            
                    </div>
        <div class="tags tags_primary info_icon">
            
    <div data-alt="ZIEDU PIEDĀVĀJUMI SPĒKĀ NO CETURTDIENAS, 12.02.&lt;br&gt;Prece pieejama 12.02. - 16.02." class="tag i"></div>

        </div>

        <div class="info-notice">
            


                                                </div>

        <div class="img">
          <img alt="Grieztie ziedi ROZES, 1 iepak./15 gab., 30 cm" src="/uploads/sale/2026/sales_page/02/09//grieztie-ziedi-rozes-00117-0209103052.png?1770625852">
        </div>
        <div class="text       ">
            <div class="title">Grieztie ziedi ROZES, 1 iepak./15 gab., 30 cm</div>
            <div class="pack">
                <span class="ptitle"></span>
                <span class="price"> </span>
            </div>
                    </div>
        <div class="infopop">
            <div class="in"><span></span>
                <div class="arrow_top"></div>
                <div class="arrow_bottom"></div>
            </div>
        </div>
    </div>
</div><div class="col-third offer-item">
    <div class="item bl_shadow product-243250   offer-2-l-sp-sku units-price        " data-product-id="243250" data-timeout="5" data-dates-interval="12.02. - 16.02.2026." tabindex="0" role="button">
                                                    <div class="discount price with-unit-price ">
                        <div class="bottom-icon with-unit-price">
                                    <span class="bottom-icon-item icon-51 " style="background-image: url('/uploads/sale/zemo-ceno-grozs-9876.png')" data-code="500">
                                                    <span class="sign">-</span>
                            <span class="value">37</span>
                            <span class="per">%</span>
                                            </span>
                            </div>
            
                    <div class="t1 with-unit-price ">
            <span class="value">3</span>
            <span class="cents">99</span>
            <span class="eur">€</span>
            <span class="unit-price">0,44 €/gab.</span>
        </div>
                    <div class="t2">
                <span class="value">6,29</span>
                <span class="eur">€</span>
            </div>
            <div class="t3 ">
                <span class="value">6</span>
                <span class="cents">29</span>
                <span class="eur">€</span>
                            </div>
            
    <span class="vline"></span>
</div>                    		
        
        
        <div class="tags tags_primary bottom_icons">
                            
                    </div>
        <div class="tags tags_primary info_icon">
            
    <div data-alt="ZIEDU PIEDĀVĀJUMI SPĒKĀ NO CETURTDIENAS, 12.02.&lt;br&gt;Prece pieejama 12.02. - 16.02." class="tag i"></div>

        </div>

        <div class="info-notice">
            


                                                </div>

        <div class="img">
          <img alt="Grieztie ziedi ROZES, 1 iepak./9 gab., 40 cm" src="/uploads/sale/2026/sales_page/02/09//grieztie-ziedi-rozes-00118-0209103052.png?1770625852">
        </div>
        <div class="text       ">
            <div class="title">Grieztie ziedi ROZES, 1 iepak./9 gab., 40 cm</div>
            <div class="pack">
                <span class="ptitle"></span>
                <span class="price"> </span>
            </div>
                    </div>
        <div class="infopop">
            <div class="in"><span></span>
                <div class="arrow_top"></div>
                <div class="arrow_bottom"></div>
            </div>
        </div>
    </div>
</div><div class="col-third offer-item">
    <div class="item bl_shadow product-243251   offer-2-l-sp-sku units-price        " data-product-id="243251" data-timeout="5" data-dates-interval="12.02. - 16.02.2026." tabindex="0" role="button">
                                                    <div class="discount price with-unit-price ">
                        <div class="bottom-icon with-unit-price">
                                    <span class="bottom-icon-item icon-51 " style="background-image: url('/uploads/sale/zemo-ceno-grozs-9876.png')" data-code="500">
                                                    <span class="sign">-</span>
                            <span class="value">37</span>
                            <span class="per">%</span>
                                            </span>
                            </div>
            
                    <div class="t1 with-unit-price ">
            <span class="value">3</span>
            <span class="cents">99</span>
            <span class="eur">€</span>
            <span class="unit-price">0,44 €/gab.</span>
        </div>
                    <div class="t2">
                <span class="value">6,29</span>
                <span class="eur">€</span>
            </div>
            <div class="t3 ">
                <span class="value">6</span>
                <span class="cents">29</span>
                <span class="eur">€</span>
                            </div>
            
    <span class="vline"></span>
</div>                    		
        
        
        <div class="tags tags_primary bottom_icons">
                            
                    </div>
        <div class="tags tags_primary info_icon">
            
    <div data-alt="ZIEDU PIEDĀVĀJUMI SPĒKĀ NO CETURTDIENAS, 12.02.&lt;br&gt;Prece pieejama 12.02. - 16.02." class="tag i"></div>

        </div>

        <div class="info-notice">
            


                                                </div>

        <div class="img">
          <img alt="Grieztie ziedi TULPES, 1 iepak./9 gab." src="/uploads/sale/2026/sales_page/02/09//grieztie-ziedi-tulpes-00119-0209103052.png?1770625852">
        </div>
        <div class="text       ">
            <div class="title">Grieztie ziedi TULPES, 1 iepak./9 gab.</div>
            <div class="pack">
                <span class="ptitle"></span>
                <span class="price"> </span>
            </div>
                    </div>
        <div class="infopop">
            <div class="in"><span></span>
                <div class="arrow_top"></div>
                <div class="arrow_bottom"></div>
            </div>
        </div>
    </div>
</div><div class="col-third offer-item">
    <div class="item bl_shadow product-243252   offer-2-l-sp-sku units-price        " data-product-id="243252" data-timeout="5" data-dates-interval="12.02. - 16.02.2026." tabindex="0" role="button">
                                                    <div class="discount price with-unit-price ">
                        <div class="bottom-icon with-unit-price">
                                    <span class="bottom-icon-item icon-51 " style="background-image: url('/uploads/sale/zemo-ceno-grozs-9876.png')" data-code="500">
                                                    <span class="sign">-</span>
                            <span class="value">38</span>
                            <span class="per">%</span>
                                            </span>
                            </div>
            
                    <div class="t1 with-unit-price ">
            <span class="value">9</span>
            <span class="cents">99</span>
            <span class="eur">€</span>
            <span class="unit-price">0,40 €/gab.</span>
        </div>
                    <div class="t2">
                <span class="value">15,99</span>
                <span class="eur">€</span>
            </div>
            <div class="t3 ">
                <span class="value">15</span>
                <span class="cents">99</span>
                <span class="eur">€</span>
                            </div>
            
    <span class="vline"></span>
</div>                    		
        
        
        <div class="tags tags_primary bottom_icons">
                            
                    </div>
        <div class="tags tags_primary info_icon">
            
    <div data-alt="ZIEDU PIEDĀVĀJUMI SPĒKĀ NO CETURTDIENAS, 12.02.&lt;br&gt;Prece pieejama 12.02. - 16.02." class="tag i"></div>

        </div>

        <div class="info-notice">
            


                                                </div>

        <div class="img">
          <img alt="Grieztie ziedi TULPES, 1 iepak./25 gab." src="/uploads/sale/2026/sales_page/02/09//grieztie-ziedi-tulpes-00120-0209103052.png?1770625852">
        </div>
        <div class="text       ">
            <div class="title">Grieztie ziedi TULPES, 1 iepak./25 gab.</div>
            <div class="pack">
                <span class="ptitle"></span>
                <span class="price"> </span>
            </div>
                    </div>
        <div class="infopop">
            <div class="in"><span></span>
                <div class="arrow_top"></div>
                <div class="arrow_bottom"></div>
            </div>
        </div>
    </div>
</div><div class="col-third offer-item">
    <div class="item bl_shadow product-243253   offer-2-l-sp-sku units-price        " data-product-id="243253" data-timeout="5" data-dates-interval="12.02. - 16.02.2026." tabindex="0" role="button">
                                                    <div class="discount price with-unit-price ">
                        <div class="bottom-icon with-unit-price">
                                    <span class="bottom-icon-item icon-51 " style="background-image: url('/uploads/sale/zemo-ceno-grozs-9876.png')" data-code="500">
                                                    <span class="sign">-</span>
                            <span class="value">33</span>
                            <span class="per">%</span>
                                            </span>
                            </div>
            
                    <div class="t1 with-unit-price ">
            <span class="value">3</span>
            <span class="cents">99</span>
            <span class="eur">€</span>
            <span class="unit-price">0,36 €/gab.</span>
        </div>
                    <div class="t2">
                <span class="value">5,99</span>
                <span class="eur">€</span>
            </div>
            <div class="t3 ">
                <span class="value">5</span>
                <span class="cents">99</span>
                <span class="eur">€</span>
                            </div>
            
    <span class="vline"></span>
</div>                    		
        
        
        <div class="tags tags_primary bottom_icons">
                            
                    </div>
        <div class="tags tags_primary info_icon">
            
    <div data-alt="ZIEDU PIEDĀVĀJUMI SPĒKĀ NO CETURTDIENAS, 12.02.&lt;br&gt;Prece pieejama 12.02. - 16.02." class="tag i"></div>

        </div>

        <div class="info-notice">
            


                                                </div>

        <div class="img">
          <img alt="Grieztie ziedi ROZES, 1 iepak./11 gab., 35 cm" src="/uploads/sale/2026/sales_page/02/09//grieztie-ziedi-rozes-00121-0209103052.png?1770625852">
        </div>
        <div class="text       ">
            <div class="title">Grieztie ziedi ROZES, 1 iepak./11 gab., 35 cm</div>
            <div class="pack">
                <span class="ptitle"></span>
                <span class="price"> </span>
            </div>
                    </div>
        <div class="infopop">
            <div class="in"><span></span>
                <div class="arrow_top"></div>
                <div class="arrow_bottom"></div>
            </div>
        </div>
    </div>
</div><div class="col-third offer-item">
    <div class="item bl_shadow product-243254   offer-2-l-sp-sku units-price        " data-product-id="243254" data-timeout="5" data-dates-interval="12.02. - 16.02.2026." tabindex="0" role="button">
                                                    <div class="discount price with-unit-price ">
                                                                                        <div class="bottom-icon with-unit-price">
                                    <span class="bottom-icon-item icon-51 " style="background-image: url('/uploads/sale/zemo-ceno-grozs-9876.png')" data-code="500">
                                                    <span class="sign">-</span>
                            <span class="value">43</span>
                            <span class="per">%</span>
                                            </span>
                            </div>
            
                    <div class="t1 with-unit-price ">
            <span class="value">3</span>
            <span class="cents">99</span>
            <span class="eur">€</span>
            <span class="unit-price">0,80 €/gab.</span>
        </div>
                    <div class="t2">
                <span class="value">6,99</span>
                <span class="eur">€</span>
            </div>
            <div class="t3 ">
                <span class="value">6</span>
                <span class="cents">99</span>
                <span class="eur">€</span>
                            </div>
            
    <span class="vline"></span>
</div>                    		
        
        
        <div class="tags tags_primary bottom_icons">
                                                            
                                <div data-alt="Prece pieejama MAXIMA XX veikalos" class="tag tag-soap-3 tag-shops" style="background-image: url('/uploads/sale/piedavajums-speka-maxima-xx-veikalos-6057.png');                     ">
                </div>
                                                                            
                                <div data-alt="Prece pieejama MAXIMA XXX veikalos" class="tag tag-soap-4 tag-shops" style="background-image: url('/uploads/sale/piedavajums-speka-maxima-xxx-veikalos-3117.png');                     ">
                </div>
                                            
                    </div>
        <div class="tags tags_primary info_icon">
            
    <div data-alt="ZIEDU PIEDĀVĀJUMI SPĒKĀ NO CETURTDIENAS, 12.02.&lt;br&gt;Prece pieejama 12.02. - 16.02." class="tag i"></div>

        </div>

        <div class="info-notice">
            


                                                                                                        </div>

        <div class="img">
          <img alt="Grieztie ziedi ĢIPSENES, 1 iepak./5 gab." src="/uploads/sale/2026/sales_page/02/09//grieztie-ziedi-gipsenes-00122-0209103052.png?1770625852">
        </div>
        <div class="text       ">
            <div class="title">Grieztie ziedi ĢIPSENES, 1 iepak./5 gab.</div>
            <div class="pack">
                <span class="ptitle"></span>
                <span class="price"> </span>
            </div>
                    </div>
        <div class="infopop">
            <div class="in"><span></span>
                <div class="arrow_top"></div>
                <div class="arrow_bottom"></div>
            </div>
        </div>
    </div>
</div><div class="col-third offer-item">
    <div class="item bl_shadow product-243255   offer-2-l-sp-sku units-price        " data-product-id="243255" data-timeout="5" data-dates-interval="12.02. - 16.02.2026." tabindex="0" role="button">
                                                    <div class="discount price with-unit-price ">
                        <div class="bottom-icon with-unit-price">
                                    <span class="bottom-icon-item icon-51 " style="background-image: url('/uploads/sale/zemo-ceno-grozs-9876.png')" data-code="500">
                                                    <span class="sign">-</span>
                            <span class="value">33</span>
                            <span class="per">%</span>
                                            </span>
                            </div>
            
                    <div class="t1 with-unit-price ">
            <span class="value">3</span>
            <span class="cents">99</span>
            <span class="eur">€</span>
            <span class="unit-price">0,80 €/gab.</span>
        </div>
                    <div class="t2">
                <span class="value">5,99</span>
                <span class="eur">€</span>
            </div>
            <div class="t3 ">
                <span class="value">5</span>
                <span class="cents">99</span>
                <span class="eur">€</span>
                            </div>
            
    <span class="vline"></span>
</div>                    		
        
        
        <div class="tags tags_primary bottom_icons">
                            
                    </div>
        <div class="tags tags_primary info_icon">
            
    <div data-alt="ZIEDU PIEDĀVĀJUMI SPĒKĀ NO CETURTDIENAS, 12.02.&lt;br&gt;Prece pieejama 12.02. - 16.02." class="tag i"></div>

        </div>

        <div class="info-notice">
            


                                                </div>

        <div class="img">
          <img alt="Grieztie ziedi KRIZANTĒMAS, 1 iepak./5 gab." src="/uploads/sale/2026/sales_page/02/09//grieztie-ziedi-krizantemas-00123-0209103052.png?1770625852">
        </div>
        <div class="text       ">
            <div class="title">Grieztie ziedi KRIZANTĒMAS, 1 iepak./5 gab.</div>
            <div class="pack">
                <span class="ptitle"></span>
                <span class="price"> </span>
            </div>
                    </div>
        <div class="infopop">
            <div class="in"><span></span>
                <div class="arrow_top"></div>
                <div class="arrow_bottom"></div>
            </div>
        </div>
    </div>
</div><div class="col-third offer-item">
    <div class="item bl_shadow product-243256   offer-2-l-sp-sku         " data-product-id="243256" data-timeout="5" data-dates-interval="12.02. - 16.02.2026." tabindex="0" role="button">
                                                    <div class="discount price  ">
                                                                                        <div class="bottom-icon ">
                                    <span class="bottom-icon-item icon-51 " style="background-image: url('/uploads/sale/zemo-ceno-grozs-9876.png')" data-code="500">
                                                    <span class="sign">-</span>
                            <span class="value">42</span>
                            <span class="per">%</span>
                                            </span>
                            </div>
            
                    <div class="t1  ">
            <span class="value">5</span>
            <span class="cents">99</span>
            <span class="eur">€</span>
            <span class="unit-price"></span>
        </div>
                    <div class="t2">
                <span class="value">10,29</span>
                <span class="eur">€</span>
            </div>
            <div class="t3 ">
                <span class="value">10</span>
                <span class="cents">29</span>
                <span class="eur">€</span>
                            </div>
            
    <span class="vline"></span>
</div>                    		
        
        
        <div class="tags tags_primary bottom_icons">
                                                            
                                <div data-alt="Prece pieejama MAXIMA XX veikalos" class="tag tag-soap-3 tag-shops" style="background-image: url('/uploads/sale/piedavajums-speka-maxima-xx-veikalos-6057.png');                     ">
                </div>
                                                                            
                                <div data-alt="Prece pieejama MAXIMA XXX veikalos" class="tag tag-soap-4 tag-shops" style="background-image: url('/uploads/sale/piedavajums-speka-maxima-xxx-veikalos-3117.png');                     ">
                </div>
                                            
                    </div>
        <div class="tags tags_primary info_icon">
            
    <div data-alt="ZIEDU PIEDĀVĀJUMI SPĒKĀ NO CETURTDIENAS, 12.02.&lt;br&gt;Prece pieejama 12.02. - 16.02." class="tag i"></div>

        </div>

        <div class="info-notice">
            


                                                                                                        </div>

        <div class="img">
          <img alt="Telpaugs ORHIDEJA MIX, 1 gab." src="/uploads/sale/2026/sales_page/02/09//telpaugs-orhideja-mix-00124-0209103052.png?1770625852">
        </div>
        <div class="text       ">
            <div class="title">Telpaugs ORHIDEJA MIX, 1 gab.</div>
            <div class="pack">
                <span class="ptitle"></span>
                <span class="price"> </span>
            </div>
                    </div>
        <div class="infopop">
            <div class="in"><span></span>
                <div class="arrow_top"></div>
                <div class="arrow_bottom"></div>
            </div>
        </div>
    </div>
</div><div class="col-third offer-item">
    <div class="item bl_shadow product-243267   offer-2-l-sp-sku         " data-product-id="243267" data-timeout="5" data-dates-interval="12.02. - 16.02.2026." tabindex="0" role="button">
                                                    <div class="discount price  ">
                                                                                        <div class="bottom-icon ">
                                    <span class="bottom-icon-item icon-51 " style="background-image: url('/uploads/sale/zemo-ceno-grozs-9876.png')" data-code="500">
                                                    <span class="sign">-</span>
                            <span class="value">33</span>
                            <span class="per">%</span>
                                            </span>
                            </div>
            
                    <div class="t1  ">
            <span class="value">4</span>
            <span class="cents">99</span>
            <span class="eur">€</span>
            <span class="unit-price"></span>
        </div>
                    <div class="t2">
                <span class="value">7,49</span>
                <span class="eur">€</span>
            </div>
            <div class="t3 ">
                <span class="value">7</span>
                <span class="cents">49</span>
                <span class="eur">€</span>
                            </div>
            
    <span class="vline"></span>
</div>                    		
        
        
        <div class="tags tags_primary bottom_icons">
                                                            
                                <div data-alt="Prece pieejama MAXIMA XX veikalos" class="tag tag-soap-3 tag-shops" style="background-image: url('/uploads/sale/piedavajums-speka-maxima-xx-veikalos-6057.png');                     ">
                </div>
                                                                            
                                <div data-alt="Prece pieejama MAXIMA XXX veikalos" class="tag tag-soap-4 tag-shops" style="background-image: url('/uploads/sale/piedavajums-speka-maxima-xxx-veikalos-3117.png');                     ">
                </div>
                                            
                    </div>
        <div class="tags tags_primary info_icon">
            
    <div data-alt="ZIEDU PIEDĀVĀJUMI SPĒKĀ NO CETURTDIENAS, 12.02.&lt;br&gt;Prece pieejama 12.02. - 16.02." class="tag i"></div>

        </div>

        <div class="info-notice">
            


                                                                                                        </div>

        <div class="img">
          <img alt="Telpaugs KALLA, 1 gab., Ø12 cm" src="/uploads/sale/2026/sales_page/02/09//telpaugs-kalla-00125-0209103055.png?1770625855">
        </div>
        <div class="text       ">
            <div class="title">Telpaugs KALLA, 1 gab., Ø12 cm</div>
            <div class="pack">
                <span class="ptitle"></span>
                <span class="price"> </span>
            </div>
                    </div>
        <div class="infopop">
            <div class="in"><span></span>
                <div class="arrow_top"></div>
                <div class="arrow_bottom"></div>
            </div>
        </div>
    </div>
</div><div class="col-third offer-item">
    <div class="item bl_shadow product-243263 paldies-card  offer-2-l-sp-sku         " data-product-id="243263" data-timeout="5" data-dates-interval="10.02. - 16.02.2026." tabindex="0" role="button">
                                                    <div class="discount price  ">
                                                                            <div class="paldies-card-icon ">
                        <img src="/images/front/icons/paldies2-icon.png" alt="Paldies">
                    </div>
                                                                                                
                    <div class="t1  paldies-card">
            <span class="value">79</span>
            <span class="cents">99</span>
            <span class="eur">€</span>
            <span class="unit-price"></span>
        </div>
                    <div class="t2">
                <span class="value">129,99</span>
                <span class="eur">€</span>
            </div>
            <div class="t3 ">
                <span class="value">129</span>
                <span class="cents">99</span>
                <span class="eur">€</span>
                            </div>
            
    <span class="vline"></span>
</div>                    		
        
        
        <div class="tags tags_primary bottom_icons">
                                                            
                                <div data-alt="Atlaide ar PALDIES karti" class="tag tag-soap-2 " style="background-image: url('/uploads/sale/atlaide-ar-paldies-karti-7358.png');                     ">
                </div>
                                                                            
                                <div data-alt="Prece pieejama MAXIMA XX veikalos" class="tag tag-soap-3 tag-shops" style="background-image: url('/uploads/sale/piedavajums-speka-maxima-xx-veikalos-6057.png');                     ">
                </div>
                                                                            
                                <div data-alt="Prece pieejama MAXIMA XXX veikalos" class="tag tag-soap-4 tag-shops" style="background-image: url('/uploads/sale/piedavajums-speka-maxima-xxx-veikalos-3117.png');                     ">
                </div>
                            
                    </div>
        <div class="tags tags_primary info_icon">
            
    <div data-alt="Putekļu tvertnes tilpums 550 ml; Darbības ilgums pēc uzlādes ~ 40 min; Uzlādes laiks ~ 270 min" class="tag i"></div>

        </div>

        <div class="info-notice">
            


                                                                                                        </div>

        <div class="img">
          <img alt="Putekļu sūcējs XIAOMI G20, 1 gab." src="/uploads/sale/2026/sales_page/02/09//puteklu-sucejs-xiaomi-g20-00111-0209103053.png?1770625853">
        </div>
        <div class="text paldies-card      ">
            <div class="title">Putekļu sūcējs XIAOMI G20, 1 gab.</div>
            <div class="pack">
                <span class="ptitle"></span>
                <span class="price"> </span>
            </div>
                    </div>
        <div class="infopop">
            <div class="in"><span></span>
                <div class="arrow_top"></div>
                <div class="arrow_bottom"></div>
            </div>
        </div>
    </div>
</div><div class="col-third offer-item">
    <div class="item bl_shadow product-243264 paldies-card  offer-2-l-sp-sku         " data-product-id="243264" data-timeout="5" data-dates-interval="10.02. - 16.02.2026." tabindex="0" role="button">
                                                    <div class="discount price  ">
                                                                            <div class="paldies-card-icon ">
                        <img src="/images/front/icons/paldies2-icon.png" alt="Paldies">
                    </div>
                                                                                                
                    <div class="t1  paldies-card">
            <span class="value">59</span>
            <span class="cents">99</span>
            <span class="eur">€</span>
            <span class="unit-price"></span>
        </div>
                    <div class="t2">
                <span class="value">129,99</span>
                <span class="eur">€</span>
            </div>
            <div class="t3 ">
                <span class="value">129</span>
                <span class="cents">99</span>
                <span class="eur">€</span>
                            </div>
            
    <span class="vline"></span>
</div>                    		
        
        
        <div class="tags tags_primary bottom_icons">
                                                            
                                <div data-alt="Atlaide ar PALDIES karti" class="tag tag-soap-2 " style="background-image: url('/uploads/sale/atlaide-ar-paldies-karti-7358.png');                     ">
                </div>
                                                                            
                                <div data-alt="Prece pieejama MAXIMA XX veikalos" class="tag tag-soap-3 tag-shops" style="background-image: url('/uploads/sale/piedavajums-speka-maxima-xx-veikalos-6057.png');                     ">
                </div>
                                                                            
                                <div data-alt="Prece pieejama MAXIMA XXX veikalos" class="tag tag-soap-4 tag-shops" style="background-image: url('/uploads/sale/piedavajums-speka-maxima-xxx-veikalos-3117.png');                     ">
                </div>
                            
                    </div>
        <div class="tags tags_primary info_icon">
            
    <div data-alt="Jauda 1000 W; Tvertnes tilpums 17 l; Vada garums 4 m" class="tag i"></div>

        </div>

        <div class="info-notice">
            


                                                                                                        </div>

        <div class="img">
          <img alt="Putekļu sūcējs KARCHER KWD 3, 1 gab." src="/uploads/sale/2026/sales_page/02/09//puteklu-sucejs-karcher-kwd-3-00112-0209103053.png?1770625853">
        </div>
        <div class="text paldies-card      ">
            <div class="title">Putekļu sūcējs KARCHER KWD 3, 1 gab.</div>
            <div class="pack">
                <span class="ptitle"></span>
                <span class="price"> </span>
            </div>
                    </div>
        <div class="infopop">
            <div class="in"><span></span>
                <div class="arrow_top"></div>
                <div class="arrow_bottom"></div>
            </div>
        </div>
    </div>
</div><div class="col-third offer-item">
    <div class="item bl_shadow product-243265   offer-2-l-sp-sku units-price        " data-product-id="243265" data-timeout="5" data-dates-interval="12.02. - 16.02.2026." tabindex="0" role="button">
                                                    <div class="discount price with-unit-price ">
                                                                                        <div class="bottom-icon with-unit-price">
                                    <span class="bottom-icon-item icon-51 " style="background-image: url('/uploads/sale/zemo-ceno-grozs-9876.png')" data-code="500">
                                                    <span class="sign">-</span>
                            <span class="value">40</span>
                            <span class="per">%</span>
                                            </span>
                            </div>
            
                    <div class="t1 with-unit-price ">
            <span class="value">2</span>
            <span class="cents">99</span>
            <span class="eur">€</span>
            <span class="unit-price">0,43 €/gab.</span>
        </div>
                    <div class="t2">
                <span class="value">4,99</span>
                <span class="eur">€</span>
            </div>
            <div class="t3 ">
                <span class="value">4</span>
                <span class="cents">99</span>
                <span class="eur">€</span>
                            </div>
            
    <span class="vline"></span>
</div>                    		
        
        
        <div class="tags tags_primary bottom_icons">
                                                            
                                <div data-alt="Prece pieejama MAXIMA XX veikalos" class="tag tag-soap-3 tag-shops" style="background-image: url('/uploads/sale/piedavajums-speka-maxima-xx-veikalos-6057.png');                     ">
                </div>
                                                                            
                                <div data-alt="Prece pieejama MAXIMA XXX veikalos" class="tag tag-soap-4 tag-shops" style="background-image: url('/uploads/sale/piedavajums-speka-maxima-xxx-veikalos-3117.png');                     ">
                </div>
                                            
                    </div>
        <div class="tags tags_primary info_icon">
            
    <div data-alt="ZIEDU PIEDĀVĀJUMI SPĒKĀ NO CETURTDIENAS, 12.02.&lt;br&gt;Prece pieejama 12.02. - 16.02." class="tag i"></div>

        </div>

        <div class="info-notice">
            


                                                                                                        </div>

        <div class="img">
          <img alt="Grieztie ziedi ĪRISI, 1 iepak./7 gab." src="/uploads/sale/2026/sales_page/02/09//grieztie-ziedi-irisi-00113-0209103053.png?1770625853">
        </div>
        <div class="text       ">
            <div class="title">Grieztie ziedi ĪRISI, 1 iepak./7 gab.</div>
            <div class="pack">
                <span class="ptitle"></span>
                <span class="price"> </span>
            </div>
                    </div>
        <div class="infopop">
            <div class="in"><span></span>
                <div class="arrow_top"></div>
                <div class="arrow_bottom"></div>
            </div>
        </div>
    </div>
</div><div class="col-third offer-item">
    <div class="item bl_shadow product-243266   offer-2-l-sp-sku units-price        " data-product-id="243266" data-timeout="5" data-dates-interval="12.02. - 16.02.2026." tabindex="0" role="button">
                                                    <div class="discount price with-unit-price ">
                        <div class="bottom-icon with-unit-price">
                                    <span class="bottom-icon-item icon-51 " style="background-image: url('/uploads/sale/zemo-ceno-grozs-9876.png')" data-code="500">
                                                    <span class="sign">-</span>
                            <span class="value">40</span>
                            <span class="per">%</span>
                                            </span>
                            </div>
            
                    <div class="t1 with-unit-price ">
            <span class="value">5</span>
            <span class="cents">99</span>
            <span class="eur">€</span>
            <span class="unit-price">0,40 €/gab.</span>
        </div>
                    <div class="t2">
                <span class="value">9,99</span>
                <span class="eur">€</span>
            </div>
            <div class="t3 ">
                <span class="value">9</span>
                <span class="cents">99</span>
                <span class="eur">€</span>
                            </div>
            
    <span class="vline"></span>
</div>                    		
        
        
        <div class="tags tags_primary bottom_icons">
                            
                    </div>
        <div class="tags tags_primary info_icon">
            
    <div data-alt="ZIEDU PIEDĀVĀJUMI SPĒKĀ NO CETURTDIENAS, 12.02.&lt;br&gt;Prece pieejama 12.02. - 16.02." class="tag i"></div>

        </div>

        <div class="info-notice">
            


                                                </div>

        <div class="img">
          <img alt="Grieztie ziedi TULPES, 1 iepak./15 gab." src="/uploads/sale/2026/sales_page/02/09//grieztie-ziedi-tulpes-00114-0209103054.png?1770625854">
        </div>
        <div class="text       ">
            <div class="title">Grieztie ziedi TULPES, 1 iepak./15 gab.</div>
            <div class="pack">
                <span class="ptitle"></span>
                <span class="price"> </span>
            </div>
                    </div>
        <div class="infopop">
            <div class="in"><span></span>
                <div class="arrow_top"></div>
                <div class="arrow_bottom"></div>
            </div>
        </div>
    </div>
</div><div class="col-third offer-item">
    <div class="item bl_shadow product-243247   offer-2-l-sp-sku units-price        " data-product-id="243247" data-timeout="5" data-dates-interval="12.02. - 16.02.2026." tabindex="0" role="button">
                                                    <div class="discount price with-unit-price ">
                                                                                        <div class="bottom-icon with-unit-price">
                                    <span class="bottom-icon-item icon-51 " style="background-image: url('/uploads/sale/zemo-ceno-grozs-9876.png')" data-code="500">
                                                    <span class="sign">-</span>
                            <span class="value">33</span>
                            <span class="per">%</span>
                                            </span>
                            </div>
            
                    <div class="t1 with-unit-price ">
            <span class="value">3</span>
            <span class="cents">99</span>
            <span class="eur">€</span>
            <span class="unit-price">0,57 €/gab.</span>
        </div>
                    <div class="t2">
                <span class="value">5,99</span>
                <span class="eur">€</span>
            </div>
            <div class="t3 ">
                <span class="value">5</span>
                <span class="cents">99</span>
                <span class="eur">€</span>
                            </div>
            
    <span class="vline"></span>
</div>                    		
        
        
        <div class="tags tags_primary bottom_icons">
                                                            
                                <div data-alt="Prece pieejama MAXIMA XX veikalos" class="tag tag-soap-3 tag-shops" style="background-image: url('/uploads/sale/piedavajums-speka-maxima-xx-veikalos-6057.png');                     ">
                </div>
                                                                            
                                <div data-alt="Prece pieejama MAXIMA XXX veikalos" class="tag tag-soap-4 tag-shops" style="background-image: url('/uploads/sale/piedavajums-speka-maxima-xxx-veikalos-3117.png');                     ">
                </div>
                                            
                    </div>
        <div class="tags tags_primary info_icon">
            
    <div data-alt="ZIEDU PIEDĀVĀJUMI SPĒKĀ NO CETURTDIENAS, 12.02.&lt;br&gt;Prece pieejama 12.02. - 16.02." class="tag i"></div>

        </div>

        <div class="info-notice">
            


                                                                                                        </div>

        <div class="img">
          <img alt="Grieztie ziedi ALSTROMĒRIJAS, 1 iepak./7 gab." src="/uploads/sale/2026/sales_page/02/09//grieztie-ziedi-alstromerijas-00115-0209103052.png?1770625852">
        </div>
        <div class="text       ">
            <div class="title">Grieztie ziedi ALSTROMĒRIJAS, 1 iepak./7 gab.</div>
            <div class="pack">
                <span class="ptitle"></span>
                <span class="price"> </span>
            </div>
                    </div>
        <div class="infopop">
            <div class="in"><span></span>
                <div class="arrow_top"></div>
                <div class="arrow_bottom"></div>
            </div>
        </div>
    </div>
</div><div class="col-third offer-item">
    <div class="item bl_shadow product-243248   offer-2-l-sp-sku units-price        " data-product-id="243248" data-timeout="5" data-dates-interval="12.02. - 16.02.2026." tabindex="0" role="button">
                                                    <div class="discount price with-unit-price ">
                        <div class="bottom-icon with-unit-price">
                                    <span class="bottom-icon-item icon-51 " style="background-image: url('/uploads/sale/zemo-ceno-grozs-9876.png')" data-code="500">
                                                    <span class="sign">-</span>
                            <span class="value">25</span>
                            <span class="per">%</span>
                                            </span>
                            </div>
            
                    <div class="t1 with-unit-price ">
            <span class="value">6</span>
            <span class="cents">99</span>
            <span class="eur">€</span>
            <span class="unit-price">1,00 €/gab.</span>
        </div>
                    <div class="t2">
                <span class="value">9,29</span>
                <span class="eur">€</span>
            </div>
            <div class="t3 ">
                <span class="value">9</span>
                <span class="cents">29</span>
                <span class="eur">€</span>
                            </div>
            
    <span class="vline"></span>
</div>                    		
        
        
        <div class="tags tags_primary bottom_icons">
                            
                    </div>
        <div class="tags tags_primary info_icon">
            
    <div data-alt="ZIEDU PIEDĀVĀJUMI SPĒKĀ NO CETURTDIENAS, 12.02.&lt;br&gt;Prece pieejama 12.02. - 16.02." class="tag i"></div>

        </div>

        <div class="info-notice">
            


                                                </div>

        <div class="img">
          <img alt="Grieztie ziedi ROZES, 1 iepak./7 gab., 50 cm" src="/uploads/sale/2026/sales_page/02/09//grieztie-ziedi-rozes-00116-0209103052.png?1770625852">
        </div>
        <div class="text       ">
            <div class="title">Grieztie ziedi ROZES, 1 iepak./7 gab., 50 cm</div>
            <div class="pack">
                <span class="ptitle"></span>
                <span class="price"> </span>
            </div>
                    </div>
        <div class="infopop">
            <div class="in"><span></span>
                <div class="arrow_top"></div>
                <div class="arrow_bottom"></div>
            </div>
        </div>
    </div>
</div><div class="col-third offer-item">
    <div class="item bl_shadow product-243249   offer-2-l-sp-sku units-price        " data-product-id="243249" data-timeout="5" data-dates-interval="12.02. - 16.02.2026." tabindex="0" role="button">
                                                    <div class="discount price with-unit-price ">
                        <div class="bottom-icon with-unit-price">
                                    <span class="bottom-icon-item icon-51 " style="background-image: url('/uploads/sale/zemo-ceno-grozs-9876.png')" data-code="500">
                                                    <span class="sign">-</span>
                            <span class="value">40</span>
                            <span class="per">%</span>
                                            </span>
                            </div>
            
                    <div class="t1 with-unit-price ">
            <span class="value">2</span>
            <span class="cents">99</span>
            <span class="eur">€</span>
            <span class="unit-price">0,20 €/gab.</span>
        </div>
                    <div class="t2">
                <span class="value">4,99</span>
                <span class="eur">€</span>
            </div>
            <div class="t3 ">
                <span class="value">4</span>
                <span class="cents">99</span>
                <span class="eur">€</span>
                            </div>
            
    <span class="vline"></span>
</div>                    		
        
        
        <div class="tags tags_primary bottom_icons">
                            
                    </div>
        <div class="tags tags_primary info_icon">
            
    <div data-alt="ZIEDU PIEDĀVĀJUMI SPĒKĀ NO CETURTDIENAS, 12.02.&lt;br&gt;Prece pieejama 12.02. - 16.02." class="tag i"></div>

        </div>

        <div class="info-notice">
            


                                                </div>

        <div class="img">
          <img alt="Grieztie ziedi ROZES, 1 iepak./15 gab., 30 cm" src="/uploads/sale/2026/sales_page/02/09//grieztie-ziedi-rozes-00117-0209103052.png?1770625852">
        </div>
        <div class="text       ">
            <div class="title">Grieztie ziedi ROZES, 1 iepak./15 gab., 30 cm</div>
            <div class="pack">
                <span class="ptitle"></span>
                <span class="price"> </span>
            </div>
                    </div>
        <div class="infopop">
            <div class="in"><span></span>
                <div class="arrow_top"></div>
                <div class="arrow_bottom"></div>
            </div>
        </div>
    </div>
</div><div class="col-third offer-item">
    <div class="item bl_shadow product-243250   offer-2-l-sp-sku units-price        " data-product-id="243250" data-timeout="5" data-dates-interval="12.02. - 16.02.2026." tabindex="0" role="button">
                                                    <div class="discount price with-unit-price ">
                        <div class="bottom-icon with-unit-price">
                                    <span class="bottom-icon-item icon-51 " style="background-image: url('/uploads/sale/zemo-ceno-grozs-9876.png')" data-code="500">
                                                    <span class="sign">-</span>
                            <span class="value">37</span>
                            <span class="per">%</span>
                                            </span>
                            </div>
            
                    <div class="t1 with-unit-price ">
            <span class="value">3</span>
            <span class="cents">99</span>
            <span class="eur">€</span>
            <span class="unit-price">0,44 €/gab.</span>
        </div>
                    <div class="t2">
                <span class="value">6,29</span>
                <span class="eur">€</span>
            </div>
            <div class="t3 ">
                <span class="value">6</span>
                <span class="cents">29</span>
                <span class="eur">€</span>
                            </div>
            
    <span class="vline"></span>
</div>                    		
        
        
        <div class="tags tags_primary bottom_icons">
                            
                    </div>
        <div class="tags tags_primary info_icon">
            
    <div data-alt="ZIEDU PIEDĀVĀJUMI SPĒKĀ NO CETURTDIENAS, 12.02.&lt;br&gt;Prece pieejama 12.02. - 16.02." class="tag i"></div>

        </div>

        <div class="info-notice">
            


                                                </div>

        <div class="img">
          <img alt="Grieztie ziedi ROZES, 1 iepak./9 gab., 40 cm" src="/uploads/sale/2026/sales_page/02/09//grieztie-ziedi-rozes-00118-0209103052.png?1770625852">
        </div>
        <div class="text       ">
            <div class="title">Grieztie ziedi ROZES, 1 iepak./9 gab., 40 cm</div>
            <div class="pack">
                <span class="ptitle"></span>
                <span class="price"> </span>
            </div>
                    </div>
        <div class="infopop">
            <div class="in"><span></span>
                <div class="arrow_top"></div>
                <div class="arrow_bottom"></div>
            </div>
        </div>
    </div>
</div><div class="col-third offer-item">
    <div class="item bl_shadow product-243251   offer-2-l-sp-sku units-price        " data-product-id="243251" data-timeout="5" data-dates-interval="12.02. - 16.02.2026." tabindex="0" role="button">
                                                    <div class="discount price with-unit-price ">
                        <div class="bottom-icon with-unit-price">
                                    <span class="bottom-icon-item icon-51 " style="background-image: url('/uploads/sale/zemo-ceno-grozs-9876.png')" data-code="500">
                                                    <span class="sign">-</span>
                            <span class="value">37</span>
                            <span class="per">%</span>
                                            </span>
                            </div>
            
                    <div class="t1 with-unit-price ">
            <span class="value">3</span>
            <span class="cents">99</span>
            <span class="eur">€</span>
            <span class="unit-price">0,44 €/gab.</span>
        </div>
                    <div class="t2">
                <span class="value">6,29</span>
                <span class="eur">€</span>
            </div>
            <div class="t3 ">
                <span class="value">6</span>
                <span class="cents">29</span>
                <span class="eur">€</span>
                            </div>
            
    <span class="vline"></span>
</div>                    		
        
        
        <div class="tags tags_primary bottom_icons">
                            
                    </div>
        <div class="tags tags_primary info_icon">
            
    <div data-alt="ZIEDU PIEDĀVĀJUMI SPĒKĀ NO CETURTDIENAS, 12.02.&lt;br&gt;Prece pieejama 12.02. - 16.02." class="tag i"></div>

        </div>

        <div class="info-notice">
            


                                                </div>

        <div class="img">
          <img alt="Grieztie ziedi TULPES, 1 iepak./9 gab." src="/uploads/sale/2026/sales_page/02/09//grieztie-ziedi-tulpes-00119-0209103052.png?1770625852">
        </div>
        <div class="text       ">
            <div class="title">Grieztie ziedi TULPES, 1 iepak./9 gab.</div>
            <div class="pack">
                <span class="ptitle"></span>
                <span class="price"> </span>
            </div>
                    </div>
        <div class="infopop">
            <div class="in"><span></span>
                <div class="arrow_top"></div>
                <div class="arrow_bottom"></div>
            </div>
        </div>
    </div>
</div><div class="col-third offer-item">
    <div class="item bl_shadow product-243252   offer-2-l-sp-sku units-price        " data-product-id="243252" data-timeout="5" data-dates-interval="12.02. - 16.02.2026." tabindex="0" role="button">
                                                    <div class="discount price with-unit-price ">
                        <div class="bottom-icon with-unit-price">
                                    <span class="bottom-icon-item icon-51 " style="background-image: url('/uploads/sale/zemo-ceno-grozs-9876.png')" data-code="500">
                                                    <span class="sign">-</span>
                            <span class="value">38</span>
                            <span class="per">%</span>
                                            </span>
                            </div>
            
                    <div class="t1 with-unit-price ">
            <span class="value">9</span>
            <span class="cents">99</span>
            <span class="eur">€</span>
            <span class="unit-price">0,40 €/gab.</span>
        </div>
                    <div class="t2">
                <span class="value">15,99</span>
                <span class="eur">€</span>
            </div>
            <div class="t3 ">
                <span class="value">15</span>
                <span class="cents">99</span>
                <span class="eur">€</span>
                            </div>
            
    <span class="vline"></span>
</div>                    		
        
        
        <div class="tags tags_primary bottom_icons">
                            
                    </div>
        <div class="tags tags_primary info_icon">
            
    <div data-alt="ZIEDU PIEDĀVĀJUMI SPĒKĀ NO CETURTDIENAS, 12.02.&lt;br&gt;Prece pieejama 12.02. - 16.02." class="tag i"></div>

        </div>

        <div class="info-notice">
            


                                                </div>

        <div class="img">
          <img alt="Grieztie ziedi TULPES, 1 iepak./25 gab." src="/uploads/sale/2026/sales_page/02/09//grieztie-ziedi-tulpes-00120-0209103052.png?1770625852">
        </div>
        <div class="text       ">
            <div class="title">Grieztie ziedi TULPES, 1 iepak./25 gab.</div>
            <div class="pack">
                <span class="ptitle"></span>
                <span class="price"> </span>
            </div>
                    </div>
        <div class="infopop">
            <div class="in"><span></span>
                <div class="arrow_top"></div>
                <div class="arrow_bottom"></div>
            </div>
        </div>
    </div>
</div><div class="col-third offer-item">
    <div class="item bl_shadow product-243253   offer-2-l-sp-sku units-price        " data-product-id="243253" data-timeout="5" data-dates-interval="12.02. - 16.02.2026." tabindex="0" role="button">
                                                    <div class="discount price with-unit-price ">
                        <div class="bottom-icon with-unit-price">
                                    <span class="bottom-icon-item icon-51 " style="background-image: url('/uploads/sale/zemo-ceno-grozs-9876.png')" data-code="500">
                                                    <span class="sign">-</span>
                            <span class="value">33</span>
                            <span class="per">%</span>
                                            </span>
                            </div>
            
                    <div class="t1 with-unit-price ">
            <span class="value">3</span>
            <span class="cents">99</span>
            <span class="eur">€</span>
            <span class="unit-price">0,36 €/gab.</span>
        </div>
                    <div class="t2">
                <span class="value">5,99</span>
                <span class="eur">€</span>
            </div>
            <div class="t3 ">
                <span class="value">5</span>
                <span class="cents">99</span>
                <span class="eur">€</span>
                            </div>
            
    <span class="vline"></span>
</div>                    		
        
        
        <div class="tags tags_primary bottom_icons">
                            
                    </div>
        <div class="tags tags_primary info_icon">
            
    <div data-alt="ZIEDU PIEDĀVĀJUMI SPĒKĀ NO CETURTDIENAS, 12.02.&lt;br&gt;Prece pieejama 12.02. - 16.02." class="tag i"></div>

        </div>

        <div class="info-notice">
            


                                                </div>

        <div class="img">
          <img alt="Grieztie ziedi ROZES, 1 iepak./11 gab., 35 cm" src="/uploads/sale/2026/sales_page/02/09//grieztie-ziedi-rozes-00121-0209103052.png?1770625852">
        </div>
        <div class="text       ">
            <div class="title">Grieztie ziedi ROZES, 1 iepak./11 gab., 35 cm</div>
            <div class="pack">
                <span class="ptitle"></span>
                <span class="price"> </span>
            </div>
                    </div>
        <div class="infopop">
            <div class="in"><span></span>
                <div class="arrow_top"></div>
                <div class="arrow_bottom"></div>
            </div>
        </div>
    </div>
</div><div class="col-third offer-item">
    <div class="item bl_shadow product-243254   offer-2-l-sp-sku units-price        " data-product-id="243254" data-timeout="5" data-dates-interval="12.02. - 16.02.2026." tabindex="0" role="button">
                                                    <div class="discount price with-unit-price ">
                                                                                        <div class="bottom-icon with-unit-price">
                                    <span class="bottom-icon-item icon-51 " style="background-image: url('/uploads/sale/zemo-ceno-grozs-9876.png')" data-code="500">
                                                    <span class="sign">-</span>
                            <span class="value">43</span>
                            <span class="per">%</span>
                                            </span>
                            </div>
            
                    <div class="t1 with-unit-price ">
            <span class="value">3</span>
            <span class="cents">99</span>
            <span class="eur">€</span>
            <span class="unit-price">0,80 €/gab.</span>
        </div>
                    <div class="t2">
                <span class="value">6,99</span>
                <span class="eur">€</span>
            </div>
            <div class="t3 ">
                <span class="value">6</span>
                <span class="cents">99</span>
                <span class="eur">€</span>
                            </div>
            
    <span class="vline"></span>
</div>                    		
        
        
        <div class="tags tags_primary bottom_icons">
                                                            
                                <div data-alt="Prece pieejama MAXIMA XX veikalos" class="tag tag-soap-3 tag-shops" style="background-image: url('/uploads/sale/piedavajums-speka-maxima-xx-veikalos-6057.png');                     ">
                </div>
                                                                            
                                <div data-alt="Prece pieejama MAXIMA XXX veikalos" class="tag tag-soap-4 tag-shops" style="background-image: url('/uploads/sale/piedavajums-speka-maxima-xxx-veikalos-3117.png');                     ">
                </div>
                                            
                    </div>
        <div class="tags tags_primary info_icon">
            
    <div data-alt="ZIEDU PIEDĀVĀJUMI SPĒKĀ NO CETURTDIENAS, 12.02.&lt;br&gt;Prece pieejama 12.02. - 16.02." class="tag i"></div>

        </div>

        <div class="info-notice">
            


                                                                                                        </div>

        <div class="img">
          <img alt="Grieztie ziedi ĢIPSENES, 1 iepak./5 gab." src="/uploads/sale/2026/sales_page/02/09//grieztie-ziedi-gipsenes-00122-0209103052.png?1770625852">
        </div>
        <div class="text       ">
            <div class="title">Grieztie ziedi ĢIPSENES, 1 iepak./5 gab.</div>
            <div class="pack">
                <span class="ptitle"></span>
                <span class="price"> </span>
            </div>
                    </div>
        <div class="infopop">
            <div class="in"><span></span>
                <div class="arrow_top"></div>
                <div class="arrow_bottom"></div>
            </div>
        </div>
    </div>
</div><div class="col-third offer-item">
    <div class="item bl_shadow product-243255   offer-2-l-sp-sku units-price        " data-product-id="243255" data-timeout="5" data-dates-interval="12.02. - 16.02.2026." tabindex="0" role="button">
                                                    <div class="discount price with-unit-price ">
                        <div class="bottom-icon with-unit-price">
                                    <span class="bottom-icon-item icon-51 " style="background-image: url('/uploads/sale/zemo-ceno-grozs-9876.png')" data-code="500">
                                                    <span class="sign">-</span>
                            <span class="value">33</span>
                            <span class="per">%</span>
                                            </span>
                            </div>
            
                    <div class="t1 with-unit-price ">
            <span class="value">3</span>
            <span class="cents">99</span>
            <span class="eur">€</span>
            <span class="unit-price">0,80 €/gab.</span>
        </div>
                    <div class="t2">
                <span class="value">5,99</span>
                <span class="eur">€</span>
            </div>
            <div class="t3 ">
                <span class="value">5</span>
                <span class="cents">99</span>
                <span class="eur">€</span>
                            </div>
            
    <span class="vline"></span>
</div>                    		
        
        
        <div class="tags tags_primary bottom_icons">
                            
                    </div>
        <div class="tags tags_primary info_icon">
            
    <div data-alt="ZIEDU PIEDĀVĀJUMI SPĒKĀ NO CETURTDIENAS, 12.02.&lt;br&gt;Prece pieejama 12.02. - 16.02." class="tag i"></div>

        </div>

        <div class="info-notice">
            


                                                </div>

        <div class="img">
          <img alt="Grieztie ziedi KRIZANTĒMAS, 1 iepak./5 gab." src="/uploads/sale/2026/sales_page/02/09//grieztie-ziedi-krizantemas-00123-0209103052.png?1770625852">
        </div>
        <div class="text       ">
            <div class="title">Grieztie ziedi KRIZANTĒMAS, 1 iepak./5 gab.</div>
            <div class="pack">
                <span class="ptitle"></span>
                <span class="price"> </span>
            </div>
                    </div>
        <div class="infopop">
            <div class="in"><span></span>
                <div class="arrow_top"></div>
                <div class="arrow_bottom"></div>
            </div>
        </div>
    </div>
</div><div class="col-third offer-item">
    <div class="item bl_shadow product-243256   offer-2-l-sp-sku         " data-product-id="243256" data-timeout="5" data-dates-interval="12.02. - 16.02.2026." tabindex="0" role="button">
                                                    <div class="discount price  ">
                                                                                        <div class="bottom-icon ">
                                    <span class="bottom-icon-item icon-51 " style="background-image: url('/uploads/sale/zemo-ceno-grozs-9876.png')" data-code="500">
                                                    <span class="sign">-</span>
                            <span class="value">42</span>
                            <span class="per">%</span>
                                            </span>
                            </div>
            
                    <div class="t1  ">
            <span class="value">5</span>
            <span class="cents">99</span>
            <span class="eur">€</span>
            <span class="unit-price"></span>
        </div>
                    <div class="t2">
                <span class="value">10,29</span>
                <span class="eur">€</span>
            </div>
            <div class="t3 ">
                <span class="value">10</span>
                <span class="cents">29</span>
                <span class="eur">€</span>
                            </div>
            
    <span class="vline"></span>
</div>                    		
        
        
        <div class="tags tags_primary bottom_icons">
                                                            
                                <div data-alt="Prece pieejama MAXIMA XX veikalos" class="tag tag-soap-3 tag-shops" style="background-image: url('/uploads/sale/piedavajums-speka-maxima-xx-veikalos-6057.png');                     ">
                </div>
                                                                            
                                <div data-alt="Prece pieejama MAXIMA XXX veikalos" class="tag tag-soap-4 tag-shops" style="background-image: url('/uploads/sale/piedavajums-speka-maxima-xxx-veikalos-3117.png');                     ">
                </div>
                                            
                    </div>
        <div class="tags tags_primary info_icon">
            
    <div data-alt="ZIEDU PIEDĀVĀJUMI SPĒKĀ NO CETURTDIENAS, 12.02.&lt;br&gt;Prece pieejama 12.02. - 16.02." class="tag i"></div>

        </div>

        <div class="info-notice">
            


                                                                                                        </div>

        <div class="img">
          <img alt="Telpaugs ORHIDEJA MIX, 1 gab." src="/uploads/sale/2026/sales_page/02/09//telpaugs-orhideja-mix-00124-0209103052.png?1770625852">
        </div>
        <div class="text       ">
            <div class="title">Telpaugs ORHIDEJA MIX, 1 gab.</div>
            <div class="pack">
                <span class="ptitle"></span>
                <span class="price"> </span>
            </div>
                    </div>
        <div class="infopop">
            <div class="in"><span></span>
                <div class="arrow_top"></div>
                <div class="arrow_bottom"></div>
            </div>
        </div>
    </div>
</div><div class="col-third offer-item">
    <div class="item bl_shadow product-243267   offer-2-l-sp-sku         " data-product-id="243267" data-timeout="5" data-dates-interval="12.02. - 16.02.2026." tabindex="0" role="button">
                                                    <div class="discount price  ">
                                                                                        <div class="bottom-icon ">
                                    <span class="bottom-icon-item icon-51 " style="background-image: url('/uploads/sale/zemo-ceno-grozs-9876.png')" data-code="500">
                                                    <span class="sign">-</span>
                            <span class="value">33</span>
                            <span class="per">%</span>
                                            </span>
                            </div>
            
                    <div class="t1  ">
            <span class="value">4</span>
            <span class="cents">99</span>
            <span class="eur">€</span>
            <span class="unit-price"></span>
        </div>
                    <div class="t2">
                <span class="value">7,49</span>
                <span class="eur">€</span>
            </div>
            <div class="t3 ">
                <span class="value">7</span>
                <span class="cents">49</span>
                <span class="eur">€</span>
                            </div>
            
    <span class="vline"></span>
</div>                    		
        
        
        <div class="tags tags_primary bottom_icons">
                                                            
                                <div data-alt="Prece pieejama MAXIMA XX veikalos" class="tag tag-soap-3 tag-shops" style="background-image: url('/uploads/sale/piedavajums-speka-maxima-xx-veikalos-6057.png');                     ">
                </div>
                                                                            
                                <div data-alt="Prece pieejama MAXIMA XXX veikalos" class="tag tag-soap-4 tag-shops" style="background-image: url('/uploads/sale/piedavajums-speka-maxima-xxx-veikalos-3117.png');                     ">
                </div>
                                            
                    </div>
        <div class="tags tags_primary info_icon">
            
    <div data-alt="ZIEDU PIEDĀVĀJUMI SPĒKĀ NO CETURTDIENAS, 12.02.&lt;br&gt;Prece pieejama 12.02. - 16.02." class="tag i"></div>

        </div>

        <div class="info-notice">
            


                                                                                                        </div>

        <div class="img">
          <img alt="Telpaugs KALLA, 1 gab., Ø12 cm" src="/uploads/sale/2026/sales_page/02/09//telpaugs-kalla-00125-0209103055.png?1770625855">
        </div>
        <div class="text       ">
            <div class="title">Telpaugs KALLA, 1 gab., Ø12 cm</div>
            <div class="pack">
                <span class="ptitle"></span>
                <span class="price"> </span>
            </div>
                    </div>
        <div class="infopop">
            <div class="in"><span></span>
                <div class="arrow_top"></div>
                <div class="arrow_bottom"></div>
            </div>
        </div>
    </div>
</div><div class="col-third offer-item">
    <div class="item bl_shadow product-243388 paldies-card  offer-2-l-sp-sku units-price        " data-product-id="243388" data-timeout="5" data-dates-interval="10.02. - 16.02.2026." tabindex="0" role="button">
                                                    <div class="discount price with-unit-price ">
                                                                            <div class="paldies-card-icon with-unit-price">
                        <img src="/images/front/icons/paldies2-icon.png" alt="Paldies">
                    </div>
                                
                    <div class="t1 with-unit-price paldies-card">
            <span class="value">1</span>
            <span class="cents">69</span>
            <span class="eur">€</span>
            <span class="unit-price">4,23 €/kg</span>
        </div>
                    <div class="t2">
                <span class="value">2,25</span>
                <span class="eur">€</span>
            </div>
            <div class="t3 with-unit-price">
                <span class="value">2</span>
                <span class="cents">25</span>
                <span class="eur">€</span>
                <span class="unit-price">5,63 €/kg</span>            </div>
            
    <span class="vline"></span>
</div>                    		
        
        
        <div class="tags tags_primary bottom_icons">
                                                            
                                <div data-alt="Atlaide ar PALDIES karti" class="tag tag-soap-2 " style="background-image: url('/uploads/sale/atlaide-ar-paldies-karti-7358.png');                     ">
                </div>
                            
                    </div>
        <div class="tags tags_primary info_icon">
            

        </div>

        <div class="info-notice">
            


                                                </div>

        <div class="img">
          <img alt="Jogurta dzēriens ACTIMEL, 1 iepak./4x 100 g, trīs veidi" src="/uploads/sale/2026/sales_page/02/09//jogurta-dzeriens-actimel-00171-0209103121.png?1770625881">
        </div>
        <div class="text paldies-card      ">
            <div class="title">Jogurta dzēriens ACTIMEL, 1 iepak./4x 100 g, trīs veidi</div>
            <div class="pack">
                <span class="ptitle"></span>
                <span class="price"> 5,63 €/kg</span>
            </div>
                    </div>
        <div class="infopop">
            <div class="in"><span></span>
                <div class="arrow_top"></div>
                <div class="arrow_bottom"></div>
            </div>
        </div>
    </div>
</div><div class="col-third offer-item">
    <div class="item bl_shadow product-243389 paldies-card  offer-2-l-sp-sku units-price        " data-product-id="243389" data-timeout="5" data-dates-interval="10.02. - 16.02.2026." tabindex="0" role="button">
                                                    <div class="discount price with-unit-price ">
                                                                            <div class="paldies-card-icon with-unit-price">
                        <img src="/images/front/icons/paldies2-icon.png" alt="Paldies">
                    </div>
                                                                
                    <div class="t1 with-unit-price paldies-card">
            <span class="value">0</span>
            <span class="cents">99</span>
            <span class="eur">€</span>
            <span class="unit-price">3,67 €/kg</span>
        </div>
                    <div class="t2">
                <span class="value">1,59</span>
                <span class="eur">€</span>
            </div>
            <div class="t3 with-unit-price">
                <span class="value">1</span>
                <span class="cents">59</span>
                <span class="eur">€</span>
                <span class="unit-price">5,89 €/kg</span>            </div>
            
    <span class="vline"></span>
</div>                    		
        
        
        <div class="tags tags_primary bottom_icons">
                                                            
                                <div data-alt="Atlaide ar PALDIES karti" class="tag tag-soap-2 " style="background-image: url('/uploads/sale/atlaide-ar-paldies-karti-7358.png');                     ">
                </div>
                                                                            
                                <div data-alt="Latvijas produkts" class="tag tag-soap-6 " style="background-image: url('/uploads/sale/latvijas-produkts-3559.png');                     ">
                </div>
                            
                    </div>
        <div class="tags tags_primary info_icon">
            

        </div>

        <div class="info-notice">
            


                                                                            </div>

        <div class="img">
          <img alt="Raudzēts produkts bez laktozes LAKTO, 270 g, ar zemeņu-mango garšu" src="/uploads/sale/2026/sales_page/02/09//raudzets-produkts-bez-laktozes-lakto-00172-0209103121.png?1770625881">
        </div>
        <div class="text paldies-card      ">
            <div class="title">Raudzēts produkts bez laktozes LAKTO, 270 g, ar zemeņu-mango garšu</div>
            <div class="pack">
                <span class="ptitle"></span>
                <span class="price"> 5,89 €/kg</span>
            </div>
                    </div>
        <div class="infopop">
            <div class="in"><span></span>
                <div class="arrow_top"></div>
                <div class="arrow_bottom"></div>
            </div>
        </div>
    </div>
</div><div class="col-third offer-item">
    <div class="item bl_shadow product-243390 paldies-card custom-card offer-2-l-sp-sku units-price        product-border-edlp" data-product-id="243390" data-timeout="5" data-dates-interval="10.02. - 16.02.2026." tabindex="0" role="button">
                                                    <div class="discount price zilacena with-unit-price ">
            <div class="paldies-card-icon with-unit-price round-borders">
        <div class="t1-bg"></div>
        <img src="/images/front/sale/icons/zilacena.png" alt="Pastāvīgi izdevīga cena">
    </div>

    <div class="t1 with-unit-price paldies-card round-borders ">
        <span class="value">2</span>
        <span class="cents">69</span>
        <span class="eur">€</span>
        <span class="unit-price">17,93 €/kg</span>
    </div>

    
    <span class="vline"></span>
</div>                    		
        
        
        <div class="tags tags_primary bottom_icons">
                                                            
                                <div data-alt="Pastāvīgi izdevīga cena" class="tag tag-soap-61 " style="background-image: url('/uploads/sale/pastavigi-izdeviga-cena-3394.png');                     ">
                </div>
                            
                    </div>
        <div class="tags tags_primary info_icon">
            

        </div>

        <div class="info-notice">
            


                                                </div>

        <div class="img">
          <img alt="Ķiršu vai medus pipari ar siera pildījumu WELL DONE" src="/uploads/sale/2026/sales_page/02/09//kirsu-vai-medus-pipari-ar-siera-pildijumu-well-done-00173-0209103121.png?1770625881">
        </div>
        <div class="text  custom-card icon-61     ">
            <div class="title">Ķiršu vai medus pipari ar siera pildījumu WELL DONE</div>
            <div class="pack">
                <span class="ptitle"></span>
                <span class="price"> </span>
            </div>
                    </div>
        <div class="infopop">
            <div class="in"><span></span>
                <div class="arrow_top"></div>
                <div class="arrow_bottom"></div>
            </div>
        </div>
    </div>
</div><div class="col-third offer-item">
    <div class="item bl_shadow product-243391 paldies-card  offer-2-l-sp-sku units-price        " data-product-id="243391" data-timeout="5" data-dates-interval="10.02. - 16.02.2026." tabindex="0" role="button">
                                                    <div class="discount price with-unit-price ">
                                                                            <div class="paldies-card-icon with-unit-price">
                        <img src="/images/front/icons/paldies2-icon.png" alt="Paldies">
                    </div>
                                
                    <div class="t1 with-unit-price paldies-card">
            <span class="value">1</span>
            <span class="cents">29</span>
            <span class="eur">€</span>
            <span class="unit-price">6,45 €/kg</span>
        </div>
                    <div class="t2">
                <span class="value">2,99</span>
                <span class="eur">€</span>
            </div>
            <div class="t3 with-unit-price">
                <span class="value">2</span>
                <span class="cents">99</span>
                <span class="eur">€</span>
                <span class="unit-price">14,95 €/kg</span>            </div>
            
    <span class="vline"></span>
</div>                    		
        
        
        <div class="tags tags_primary bottom_icons">
                                                            
                                <div data-alt="Atlaide ar PALDIES karti" class="tag tag-soap-2 " style="background-image: url('/uploads/sale/atlaide-ar-paldies-karti-7358.png');                     ">
                </div>
                            
                    </div>
        <div class="tags tags_primary info_icon">
            

        </div>

        <div class="info-notice">
            


                                                </div>

        <div class="img">
          <img alt="Sviests, 200 g, 82%" src="/uploads/sale/2026/sales_page/02/09//sviests-00174-0209103121.png?1770625881">
        </div>
        <div class="text paldies-card      ">
            <div class="title">Sviests, 200 g, 82%</div>
            <div class="pack">
                <span class="ptitle"></span>
                <span class="price"> 14,95 €/kg</span>
            </div>
                    </div>
        <div class="infopop">
            <div class="in"><span></span>
                <div class="arrow_top"></div>
                <div class="arrow_bottom"></div>
            </div>
        </div>
    </div>
</div><div class="col-third offer-item">
    <div class="item bl_shadow product-243392 paldies-card  offer-2-l-sp-sku units-price        " data-product-id="243392" data-timeout="5" data-dates-interval="10.02. - 16.02.2026." tabindex="0" role="button">
                                                    <div class="discount price with-unit-price ">
                                                                            <div class="paldies-card-icon with-unit-price">
                        <img src="/images/front/icons/paldies2-icon.png" alt="Paldies">
                    </div>
                                
                    <div class="t1 with-unit-price paldies-card">
            <span class="value">1</span>
            <span class="cents">69</span>
            <span class="eur">€</span>
            <span class="unit-price">4,23 €/kg</span>
        </div>
                    <div class="t2">
                <span class="value">2,95</span>
                <span class="eur">€</span>
            </div>
            <div class="t3 with-unit-price">
                <span class="value">2</span>
                <span class="cents">95</span>
                <span class="eur">€</span>
                <span class="unit-price">7,38 €/kg</span>            </div>
            
    <span class="vline"></span>
</div>                    		
        
        
        <div class="tags tags_primary bottom_icons">
                                                            
                                <div data-alt="Atlaide ar PALDIES karti" class="tag tag-soap-2 " style="background-image: url('/uploads/sale/atlaide-ar-paldies-karti-7358.png');                     ">
                </div>
                            
                    </div>
        <div class="tags tags_primary info_icon">
            

        </div>

        <div class="info-notice">
            


                                                </div>

        <div class="img">
          <img alt="Margarīns RAMA CLASSIC, 400 g, 59%" src="/uploads/sale/2026/sales_page/02/09//margarins-rama-classic-00175-0209103121.png?1770625881">
        </div>
        <div class="text paldies-card      ">
            <div class="title">Margarīns RAMA CLASSIC, 400 g, 59%</div>
            <div class="pack">
                <span class="ptitle"></span>
                <span class="price"> 7,38 €/kg</span>
            </div>
                    </div>
        <div class="infopop">
            <div class="in"><span></span>
                <div class="arrow_top"></div>
                <div class="arrow_bottom"></div>
            </div>
        </div>
    </div>
</div><div class="col-third offer-item">
    <div class="item bl_shadow product-243208   offer-2-l-sp-sku units-price        " data-product-id="243208" data-timeout="5" data-dates-interval="10.02. - 16.02.2026." tabindex="0" role="button">
                                                    <div class="discount price with-unit-price ">
                        <div class="bottom-icon with-unit-price">
                                    <span class="bottom-icon-item icon-51 " style="background-image: url('/uploads/sale/zemo-ceno-grozs-9876.png')" data-code="500">
                                                    <span class="sign">-</span>
                            <span class="value">44</span>
                            <span class="per">%</span>
                                            </span>
                            </div>
            
                    <div class="t1 with-unit-price ">
            <span class="value">0</span>
            <span class="cents">89</span>
            <span class="eur">€</span>
            <span class="unit-price">7,12 €/kg</span>
        </div>
                    <div class="t2">
                <span class="value">1,59</span>
                <span class="eur">€</span>
            </div>
            <div class="t3 ">
                <span class="value">1</span>
                <span class="cents">59</span>
                <span class="eur">€</span>
                            </div>
            
    <span class="vline"></span>
</div>                    		
        
        
        <div class="tags tags_primary bottom_icons">
                            
                    </div>
        <div class="tags tags_primary info_icon">
            
    <div data-alt="Prece pieejama 10.02. - 16.02." class="tag i"></div>

        </div>

        <div class="info-notice">
            


                                                </div>

        <div class="img">
          <img alt="Siers MOZZARELLA GALBANI, 125 g" src="/uploads/sale/2026/sales_page/02/09//siers-mozzarella-galbani-00176-0209103044.png?1770625844">
        </div>
        <div class="text       ">
            <div class="title">Siers MOZZARELLA GALBANI, 125 g</div>
            <div class="pack">
                <span class="ptitle"></span>
                <span class="price"> </span>
            </div>
                    </div>
        <div class="infopop">
            <div class="in"><span></span>
                <div class="arrow_top"></div>
                <div class="arrow_bottom"></div>
            </div>
        </div>
    </div>
</div><div class="col-third offer-item">
    <div class="item bl_shadow product-243209 paldies-card  offer-2-l-sp-sku units-price        " data-product-id="243209" data-timeout="5" data-dates-interval="10.02. - 16.02.2026." tabindex="0" role="button">
                                                    <div class="discount price with-unit-price ">
                                                                            <div class="paldies-card-icon with-unit-price">
                        <img src="/images/front/icons/paldies2-icon.png" alt="Paldies">
                    </div>
                                
                    <div class="t1 with-unit-price paldies-card">
            <span class="value">0</span>
            <span class="cents">99</span>
            <span class="eur">€</span>
            <span class="unit-price">41,25 €/kg</span>
        </div>
                    <div class="t2">
                <span class="value">1,25</span>
                <span class="eur">€</span>
            </div>
            <div class="t3 with-unit-price">
                <span class="value">1</span>
                <span class="cents">25</span>
                <span class="eur">€</span>
                <span class="unit-price">52,08 €/kg</span>            </div>
            
    <span class="vline"></span>
</div>                    		
        
        
        <div class="tags tags_primary bottom_icons">
                                                            
                                <div data-alt="Atlaide ar PALDIES karti" class="tag tag-soap-2 " style="background-image: url('/uploads/sale/atlaide-ar-paldies-karti-7358.png');                     ">
                </div>
                            
                    </div>
        <div class="tags tags_primary info_icon">
            

        </div>

        <div class="info-notice">
            


                                                </div>

        <div class="img">
          <img alt="Siera uzkoda WELL DONE PREMIUM, 24 g, trīs veidi" src="/uploads/sale/2026/sales_page/02/09//siera-uzkoda-well-done-premium-00177-0209103044.png?1770625844">
        </div>
        <div class="text paldies-card      ">
            <div class="title">Siera uzkoda WELL DONE PREMIUM, 24 g, trīs veidi</div>
            <div class="pack">
                <span class="ptitle"></span>
                <span class="price"> 52,08 €/kg</span>
            </div>
                    </div>
        <div class="infopop">
            <div class="in"><span></span>
                <div class="arrow_top"></div>
                <div class="arrow_bottom"></div>
            </div>
        </div>
    </div>
</div><div class="col-third offer-item">
    <div class="item bl_shadow product-243210 paldies-card custom-card offer-2-l-sp-sku units-price        product-border-edlp" data-product-id="243210" data-timeout="5" data-dates-interval="10.02. - 16.02.2026." tabindex="0" role="button">
                                                    <div class="discount price zilacena with-unit-price ">
            <div class="paldies-card-icon with-unit-price round-borders">
        <div class="t1-bg"></div>
        <img src="/images/front/sale/icons/zilacena.png" alt="Pastāvīgi izdevīga cena">
    </div>

    <div class="t1 with-unit-price paldies-card round-borders ">
        <span class="value">3</span>
        <span class="cents">19</span>
        <span class="eur">€</span>
        <span class="unit-price">12,76 €/kg</span>
    </div>

    
    <span class="vline"></span>
</div>                    		
        
        
        <div class="tags tags_primary bottom_icons">
                                                            
                                <div data-alt="Latvijas produkts" class="tag tag-soap-6 " style="background-image: url('/uploads/sale/latvijas-produkts-3559.png');                     ">
                </div>
                                                                            
                                <div data-alt="Pastāvīgi izdevīga cena" class="tag tag-soap-61 " style="background-image: url('/uploads/sale/pastavigi-izdeviga-cena-3394.png');                     ">
                </div>
                            
                    </div>
        <div class="tags tags_primary info_icon">
            

        </div>

        <div class="info-notice">
            


                                                                            </div>

        <div class="img">
          <img alt="Klasiskais siers SMILTENE, 250 g, 50%" src="/uploads/sale/2026/sales_page/02/09//klasiskais-siers-smiltene-00178-0209103044.png?1770625844">
        </div>
        <div class="text  custom-card icon-61     ">
            <div class="title">Klasiskais siers SMILTENE, 250 g, 50%</div>
            <div class="pack">
                <span class="ptitle"></span>
                <span class="price"> </span>
            </div>
                    </div>
        <div class="infopop">
            <div class="in"><span></span>
                <div class="arrow_top"></div>
                <div class="arrow_bottom"></div>
            </div>
        </div>
    </div>
</div><div class="col-third offer-item">
    <div class="item bl_shadow product-243211 paldies-card  offer-2-l-sp-sku units-price        " data-product-id="243211" data-timeout="5" data-dates-interval="10.02. - 16.02.2026." tabindex="0" role="button">
                                                    <div class="discount price with-unit-price ">
                                                                            <div class="paldies-card-icon with-unit-price">
                        <img src="/images/front/icons/paldies2-icon.png" alt="Paldies">
                    </div>
                                
                    <div class="t1 with-unit-price paldies-card">
            <span class="value">2</span>
            <span class="cents">49</span>
            <span class="eur">€</span>
            <span class="unit-price">13,83 €/kg</span>
        </div>
                    <div class="t2">
                <span class="value">2,99</span>
                <span class="eur">€</span>
            </div>
            <div class="t3 with-unit-price">
                <span class="value">2</span>
                <span class="cents">99</span>
                <span class="eur">€</span>
                <span class="unit-price">16,61 €/kg</span>            </div>
            
    <span class="vline"></span>
</div>                    		
        
        
        <div class="tags tags_primary bottom_icons">
                                                            
                                <div data-alt="Atlaide ar PALDIES karti" class="tag tag-soap-2 " style="background-image: url('/uploads/sale/atlaide-ar-paldies-karti-7358.png');                     ">
                </div>
                            
                    </div>
        <div class="tags tags_primary info_icon">
            

        </div>

        <div class="info-notice">
            


                                                </div>

        <div class="img">
          <img alt="Cietais siers WELL DONE, 180 g, 37%, 12 mēn. nogatavināts" src="/uploads/sale/2026/sales_page/02/09//cietais-siers-well-done-00179-0209103044.png?1770625844">
        </div>
        <div class="text paldies-card      ">
            <div class="title">Cietais siers WELL DONE, 180 g, 37%, 12 mēn. nogatavināts</div>
            <div class="pack">
                <span class="ptitle"></span>
                <span class="price"> 16,61 €/kg</span>
            </div>
                    </div>
        <div class="infopop">
            <div class="in"><span></span>
                <div class="arrow_top"></div>
                <div class="arrow_bottom"></div>
            </div>
        </div>
    </div>
</div><div class="col-third offer-item">
    <div class="item bl_shadow product-243212 paldies-card  offer-2-l-sp-sku units-price        " data-product-id="243212" data-timeout="5" data-dates-interval="10.02. - 16.02.2026." tabindex="0" role="button">
                                                    <div class="discount price with-unit-price ">
                                                                            <div class="paldies-card-icon with-unit-price">
                        <img src="/images/front/icons/paldies2-icon.png" alt="Paldies">
                    </div>
                                                                                                
                    <div class="t1 with-unit-price paldies-card">
            <span class="value">3</span>
            <span class="cents">99</span>
            <span class="eur">€</span>
            <span class="unit-price">7,98 €/kg</span>
        </div>
                    <div class="t2">
                <span class="value">6,99</span>
                <span class="eur">€</span>
            </div>
            <div class="t3 with-unit-price">
                <span class="value">6</span>
                <span class="cents">99</span>
                <span class="eur">€</span>
                <span class="unit-price">13,98 €/kg</span>            </div>
            
    <span class="vline"></span>
</div>                    		
        
        
        <div class="tags tags_primary bottom_icons">
                                                            
                                <div data-alt="Atlaide ar PALDIES karti" class="tag tag-soap-2 " style="background-image: url('/uploads/sale/atlaide-ar-paldies-karti-7358.png');                     ">
                </div>
                                                                            
                                <div data-alt="Prece pieejama MAXIMA XX veikalos" class="tag tag-soap-3 tag-shops" style="background-image: url('/uploads/sale/piedavajums-speka-maxima-xx-veikalos-6057.png');                     ">
                </div>
                                                                            
                                <div data-alt="Prece pieejama MAXIMA XXX veikalos" class="tag tag-soap-4 tag-shops" style="background-image: url('/uploads/sale/piedavajums-speka-maxima-xxx-veikalos-3117.png');                     ">
                </div>
                            
                    </div>
        <div class="tags tags_primary info_icon">
            

        </div>

        <div class="info-notice">
            


                                                                                                        </div>

        <div class="img">
          <img alt="Holandes vai Tilzītes siers SIERA NAMS XL, 500 g, šķēlēs" src="/uploads/sale/2026/sales_page/02/09//holandes-vai-tilzites-siers-siera-nams-xl-00180-0209103044.png?1770625844">
        </div>
        <div class="text paldies-card      ">
            <div class="title">Holandes vai Tilzītes siers SIERA NAMS XL, 500 g, šķēlēs</div>
            <div class="pack">
                <span class="ptitle"></span>
                <span class="price"> 13,98 €/kg</span>
            </div>
                    </div>
        <div class="infopop">
            <div class="in"><span></span>
                <div class="arrow_top"></div>
                <div class="arrow_bottom"></div>
            </div>
        </div>
    </div>
</div><div class="col-third offer-item">
    <div class="item bl_shadow product-243213 paldies-card  offer-2-l-sp-sku units-price        " data-product-id="243213" data-timeout="5" data-dates-interval="10.02. - 16.02.2026." tabindex="0" role="button">
                                                    <div class="discount price with-unit-price ">
                                                                            <div class="paldies-card-icon with-unit-price">
                        <img src="/images/front/icons/paldies2-icon.png" alt="Paldies">
                    </div>
                                                                
                    <div class="t1 with-unit-price paldies-card">
            <span class="value">1</span>
            <span class="cents">99</span>
            <span class="eur">€</span>
            <span class="unit-price">7,96 €/kg</span>
        </div>
                    <div class="t2">
                <span class="value">2,49</span>
                <span class="eur">€</span>
            </div>
            <div class="t3 with-unit-price">
                <span class="value">2</span>
                <span class="cents">49</span>
                <span class="eur">€</span>
                <span class="unit-price">9,96 €/kg</span>            </div>
            
    <span class="vline"></span>
</div>                    		
        
        
        <div class="tags tags_primary bottom_icons">
                                                            
                                <div data-alt="Atlaide ar PALDIES karti" class="tag tag-soap-2 " style="background-image: url('/uploads/sale/atlaide-ar-paldies-karti-7358.png');                     ">
                </div>
                                                                            
                                <div data-alt="Saldēts produkts" class="tag tag-soap-11 " style="background-image: url('/uploads/sale/saldets-produkts-4932.png');                     ">
                </div>
                            
                    </div>
        <div class="tags tags_primary info_icon">
            

        </div>

        <div class="info-notice">
            


                                                                            </div>

        <div class="img">
          <img alt="Profiteroļi ar krēma pildījumu WELL DONE, 250 g" src="/uploads/sale/2026/sales_page/02/09//profiteroli-ar-krema-pildijumu-well-done-00181-0209103044.png?1770625844">
        </div>
        <div class="text paldies-card      ">
            <div class="title">Profiteroļi ar krēma pildījumu WELL DONE, 250 g</div>
            <div class="pack">
                <span class="ptitle"></span>
                <span class="price"> 9,96 €/kg</span>
            </div>
                    </div>
        <div class="infopop">
            <div class="in"><span></span>
                <div class="arrow_top"></div>
                <div class="arrow_bottom"></div>
            </div>
        </div>
    </div>
</div><div class="col-third offer-item">
    <div class="item bl_shadow product-243214 paldies-card  offer-2-l-sp-sku units-price        " data-product-id="243214" data-timeout="5" data-dates-interval="10.02. - 16.02.2026." tabindex="0" role="button">
                                                    <div class="discount price with-unit-price ">
                                                                            <div class="paldies-card-icon with-unit-price">
                        <img src="/images/front/icons/paldies2-icon.png" alt="Paldies">
                    </div>
                                                                                                                                
                    <div class="t1 with-unit-price paldies-card">
            <span class="value">3</span>
            <span class="cents">99</span>
            <span class="eur">€</span>
            <span class="unit-price">5,87 €/kg</span>
        </div>
                    <div class="t2">
                <span class="value">7,99</span>
                <span class="eur">€</span>
            </div>
            <div class="t3 with-unit-price">
                <span class="value">7</span>
                <span class="cents">99</span>
                <span class="eur">€</span>
                <span class="unit-price">11,75 €/kg</span>            </div>
            
    <span class="vline"></span>
</div>                    		
        
        
        <div class="tags tags_primary bottom_icons">
                                                            
                                <div data-alt="Atlaide ar PALDIES karti" class="tag tag-soap-2 " style="background-image: url('/uploads/sale/atlaide-ar-paldies-karti-7358.png');                     ">
                </div>
                                                                            
                                <div data-alt="Prece pieejama MAXIMA XX veikalos" class="tag tag-soap-3 tag-shops" style="background-image: url('/uploads/sale/piedavajums-speka-maxima-xx-veikalos-6057.png');                     ">
                </div>
                                                                            
                                <div data-alt="Prece pieejama MAXIMA XXX veikalos" class="tag tag-soap-4 tag-shops" style="background-image: url('/uploads/sale/piedavajums-speka-maxima-xxx-veikalos-3117.png');                     ">
                </div>
                                                                            
                                <div data-alt="Saldēts produkts" class="tag tag-soap-11 " style="background-image: url('/uploads/sale/saldets-produkts-4932.png');                     ">
                </div>
                            
                    </div>
        <div class="tags tags_primary info_icon">
            

        </div>

        <div class="info-notice">
            


                                                                                                                                    </div>

        <div class="img">
          <img alt="Saldējums MR.BIG, 680 g, piparmētru-vaniļas vai brūkleņu-karameļu" src="/uploads/sale/2026/sales_page/02/09//saldejums-mr-big-00182-0209103044.png?1770625844">
        </div>
        <div class="text paldies-card      ">
            <div class="title">Saldējums MR.BIG, 680 g, piparmētru-vaniļas vai brūkleņu-karameļu</div>
            <div class="pack">
                <span class="ptitle"></span>
                <span class="price"> 11,75 €/kg</span>
            </div>
                    </div>
        <div class="infopop">
            <div class="in"><span></span>
                <div class="arrow_top"></div>
                <div class="arrow_bottom"></div>
            </div>
        </div>
    </div>
</div><div class="col-third offer-item">
    <div class="item bl_shadow product-243215 paldies-card custom-card offer-2-l-sp-sku units-price        product-border-edlp" data-product-id="243215" data-timeout="5" data-dates-interval="10.02. - 16.02.2026." tabindex="0" role="button">
                                                    <div class="discount price zilacena with-unit-price ">
            <div class="paldies-card-icon with-unit-price round-borders">
        <div class="t1-bg"></div>
        <img src="/images/front/sale/icons/zilacena.png" alt="Pastāvīgi izdevīga cena">
    </div>

    <div class="t1 with-unit-price paldies-card round-borders ">
        <span class="value">3</span>
        <span class="cents">99</span>
        <span class="eur">€</span>
        <span class="unit-price">16,63 €/kg</span>
    </div>

    
    <span class="vline"></span>
</div>                    		
        
        
        <div class="tags tags_primary bottom_icons">
                                                            
                                <div data-alt="Saldēts produkts" class="tag tag-soap-11 " style="background-image: url('/uploads/sale/saldets-produkts-4932.png');                     ">
                </div>
                                                                            
                                <div data-alt="Pastāvīgi izdevīga cena" class="tag tag-soap-61 " style="background-image: url('/uploads/sale/pastavigi-izdeviga-cena-3394.png');                     ">
                </div>
                            
                    </div>
        <div class="tags tags_primary info_icon">
            

        </div>

        <div class="info-notice">
            


                                                                            </div>

        <div class="img">
          <img alt="Mango vai pistāciju saldējums MOCHI BOUJEE, 1 iepak./6x 40 g" src="/uploads/sale/2026/sales_page/02/09//mango-vai-pistaciju-saldejums-mochi-boujee-00183-0209103044.png?1770625844">
        </div>
        <div class="text  custom-card icon-61     ">
            <div class="title">Mango vai pistāciju saldējums MOCHI BOUJEE, 1 iepak./6x 40 g</div>
            <div class="pack">
                <span class="ptitle"></span>
                <span class="price"> </span>
            </div>
                    </div>
        <div class="infopop">
            <div class="in"><span></span>
                <div class="arrow_top"></div>
                <div class="arrow_bottom"></div>
            </div>
        </div>
    </div>
</div><div class="col-third offer-item">
    <div class="item bl_shadow product-243216 paldies-card  offer-2-l-sp-sku-one units-price        " data-product-id="243216" data-timeout="5" data-dates-interval="10.02. - 16.02.2026." tabindex="0" role="button">
                                                    <div class="discount price with-unit-price ">
                                                        <div class="paldies-card-icon with-unit-price">
                    <img src="/images/front/icons/paldies2-icon.png" alt="Paldies">
                </div>
                                                                                                                        
    <div class="t1 with-unit-price">
        <span class="value">2</span>
        <span class="cents">79</span>
        <span class="eur">€</span>
        <span class="unit-price">8,72 €/kg</span>
    </div>
        <div class="t2 t2-sku-two-one">
        <span class="value">4,69</span>
        <span class="eur">€</span>
    </div>
        <div class="t3 t3-sku-two-one with-unit-price">
        <span class="value">4</span>
        <span class="cents">69</span>
        <span class="eur">€</span>
        <span class="unit-price">no 14,66 €/kg</span>    </div>
    <span class="vline"></span>
</div>                    		
        
        
        <div class="tags tags_primary bottom_icons">
                                                            
                                <div data-alt="Atlaide ar PALDIES karti" class="tag tag-soap-2 " style="background-image: url('/uploads/sale/atlaide-ar-paldies-karti-7358.png');                     ">
                </div>
                                                                            
                                <div data-alt="Prece pieejama MAXIMA XX veikalos" class="tag tag-soap-3 tag-shops" style="background-image: url('/uploads/sale/piedavajums-speka-maxima-xx-veikalos-6057.png');                     ">
                </div>
                                                                            
                                <div data-alt="Prece pieejama MAXIMA XXX veikalos" class="tag tag-soap-4 tag-shops" style="background-image: url('/uploads/sale/piedavajums-speka-maxima-xxx-veikalos-3117.png');                     ">
                </div>
                                                                            
                                <div data-alt="Saldēts produkts" class="tag tag-soap-11 " style="background-image: url('/uploads/sale/saldets-produkts-4932.png');                     ">
                </div>
                            
                    </div>
        <div class="tags tags_primary info_icon">
            

        </div>

        <div class="info-notice">
            


                                                                                                                                    </div>

        <div class="img">
          <img alt="Maizītes ar marcipānu un magonēm vai kanēļa, 320 g, LATVIJAS MAIZNIEKS" src="/uploads/sale/2026/sales_page/02/09//maizites-ar-marcipanu-un-magonem-vai-kanela-00184-0209103044.png?1770625844">
        </div>
        <div class="text paldies-card      ">
            <div class="title">Maizītes ar marcipānu un magonēm vai kanēļa, 320 g, LATVIJAS MAIZNIEKS</div>
            <div class="pack">
                <span class="ptitle"></span>
                <span class="price"> no 14,66 €/kg</span>
            </div>
                    </div>
        <div class="infopop">
            <div class="in"><span></span>
                <div class="arrow_top"></div>
                <div class="arrow_bottom"></div>
            </div>
        </div>
    </div>
</div><div class="col-third offer-item">
    <div class="item bl_shadow product-243227 paldies-card  offer-2-l-sp-sku units-price        " data-product-id="243227" data-timeout="5" data-dates-interval="10.02. - 16.02.2026." tabindex="0" role="button">
                                                    <div class="discount price with-unit-price ">
                                                                            <div class="paldies-card-icon with-unit-price">
                        <img src="/images/front/icons/paldies2-icon.png" alt="Paldies">
                    </div>
                                                                
                    <div class="t1 with-unit-price paldies-card">
            <span class="value">1</span>
            <span class="cents">29</span>
            <span class="eur">€</span>
            <span class="unit-price">15,54 €/kg</span>
        </div>
                    <div class="t2">
                <span class="value">2,15</span>
                <span class="eur">€</span>
            </div>
            <div class="t3 with-unit-price">
                <span class="value">2</span>
                <span class="cents">15</span>
                <span class="eur">€</span>
                <span class="unit-price">25,90 €/kg</span>            </div>
            
    <span class="vline"></span>
</div>                    		
        
        
        <div class="tags tags_primary bottom_icons">
                                                            
                                <div data-alt="Atlaide ar PALDIES karti" class="tag tag-soap-2 " style="background-image: url('/uploads/sale/atlaide-ar-paldies-karti-7358.png');                     ">
                </div>
                                                                            
                                <div data-alt="Saldēts produkts" class="tag tag-soap-11 " style="background-image: url('/uploads/sale/saldets-produkts-4932.png');                     ">
                </div>
                            
                    </div>
        <div class="tags tags_primary info_icon">
            

        </div>

        <div class="info-notice">
            


                                                                            </div>

        <div class="img">
          <img alt="Saldējums ar mandelēm MAGNUM, 83 g" src="/uploads/sale/2026/sales_page/02/09//saldejums-ar-mandelem-magnum-00185-0209103048.png?1770625848">
        </div>
        <div class="text paldies-card      ">
            <div class="title">Saldējums ar mandelēm MAGNUM, 83 g</div>
            <div class="pack">
                <span class="ptitle"></span>
                <span class="price"> 25,90 €/kg</span>
            </div>
                    </div>
        <div class="infopop">
            <div class="in"><span></span>
                <div class="arrow_top"></div>
                <div class="arrow_bottom"></div>
            </div>
        </div>
    </div>
</div><div class="col-third offer-item">
    <div class="item bl_shadow product-243388 paldies-card  offer-2-l-sp-sku units-price        " data-product-id="243388" data-timeout="5" data-dates-interval="10.02. - 16.02.2026." tabindex="0" role="button">
                                                    <div class="discount price with-unit-price ">
                                                                            <div class="paldies-card-icon with-unit-price">
                        <img src="/images/front/icons/paldies2-icon.png" alt="Paldies">
                    </div>
                                
                    <div class="t1 with-unit-price paldies-card">
            <span class="value">1</span>
            <span class="cents">69</span>
            <span class="eur">€</span>
            <span class="unit-price">4,23 €/kg</span>
        </div>
                    <div class="t2">
                <span class="value">2,25</span>
                <span class="eur">€</span>
            </div>
            <div class="t3 with-unit-price">
                <span class="value">2</span>
                <span class="cents">25</span>
                <span class="eur">€</span>
                <span class="unit-price">5,63 €/kg</span>            </div>
            
    <span class="vline"></span>
</div>                    		
        
        
        <div class="tags tags_primary bottom_icons">
                                                            
                                <div data-alt="Atlaide ar PALDIES karti" class="tag tag-soap-2 " style="background-image: url('/uploads/sale/atlaide-ar-paldies-karti-7358.png');                     ">
                </div>
                            
                    </div>
        <div class="tags tags_primary info_icon">
            

        </div>

        <div class="info-notice">
            


                                                </div>

        <div class="img">
          <img alt="Jogurta dzēriens ACTIMEL, 1 iepak./4x 100 g, trīs veidi" src="/uploads/sale/2026/sales_page/02/09//jogurta-dzeriens-actimel-00171-0209103121.png?1770625881">
        </div>
        <div class="text paldies-card      ">
            <div class="title">Jogurta dzēriens ACTIMEL, 1 iepak./4x 100 g, trīs veidi</div>
            <div class="pack">
                <span class="ptitle"></span>
                <span class="price"> 5,63 €/kg</span>
            </div>
                    </div>
        <div class="infopop">
            <div class="in"><span></span>
                <div class="arrow_top"></div>
                <div class="arrow_bottom"></div>
            </div>
        </div>
    </div>
</div><div class="col-third offer-item">
    <div class="item bl_shadow product-243389 paldies-card  offer-2-l-sp-sku units-price        " data-product-id="243389" data-timeout="5" data-dates-interval="10.02. - 16.02.2026." tabindex="0" role="button">
                                                    <div class="discount price with-unit-price ">
                                                                            <div class="paldies-card-icon with-unit-price">
                        <img src="/images/front/icons/paldies2-icon.png" alt="Paldies">
                    </div>
                                                                
                    <div class="t1 with-unit-price paldies-card">
            <span class="value">0</span>
            <span class="cents">99</span>
            <span class="eur">€</span>
            <span class="unit-price">3,67 €/kg</span>
        </div>
                    <div class="t2">
                <span class="value">1,59</span>
                <span class="eur">€</span>
            </div>
            <div class="t3 with-unit-price">
                <span class="value">1</span>
                <span class="cents">59</span>
                <span class="eur">€</span>
                <span class="unit-price">5,89 €/kg</span>            </div>
            
    <span class="vline"></span>
</div>                    		
        
        
        <div class="tags tags_primary bottom_icons">
                                                            
                                <div data-alt="Atlaide ar PALDIES karti" class="tag tag-soap-2 " style="background-image: url('/uploads/sale/atlaide-ar-paldies-karti-7358.png');                     ">
                </div>
                                                                            
                                <div data-alt="Latvijas produkts" class="tag tag-soap-6 " style="background-image: url('/uploads/sale/latvijas-produkts-3559.png');                     ">
                </div>
                            
                    </div>
        <div class="tags tags_primary info_icon">
            

        </div>

        <div class="info-notice">
            


                                                                            </div>

        <div class="img">
          <img alt="Raudzēts produkts bez laktozes LAKTO, 270 g, ar zemeņu-mango garšu" src="/uploads/sale/2026/sales_page/02/09//raudzets-produkts-bez-laktozes-lakto-00172-0209103121.png?1770625881">
        </div>
        <div class="text paldies-card      ">
            <div class="title">Raudzēts produkts bez laktozes LAKTO, 270 g, ar zemeņu-mango garšu</div>
            <div class="pack">
                <span class="ptitle"></span>
                <span class="price"> 5,89 €/kg</span>
            </div>
                    </div>
        <div class="infopop">
            <div class="in"><span></span>
                <div class="arrow_top"></div>
                <div class="arrow_bottom"></div>
            </div>
        </div>
    </div>
</div><div class="col-third offer-item">
    <div class="item bl_shadow product-243390 paldies-card custom-card offer-2-l-sp-sku units-price        product-border-edlp" data-product-id="243390" data-timeout="5" data-dates-interval="10.02. - 16.02.2026." tabindex="0" role="button">
                                                    <div class="discount price zilacena with-unit-price ">
            <div class="paldies-card-icon with-unit-price round-borders">
        <div class="t1-bg"></div>
        <img src="/images/front/sale/icons/zilacena.png" alt="Pastāvīgi izdevīga cena">
    </div>

    <div class="t1 with-unit-price paldies-card round-borders ">
        <span class="value">2</span>
        <span class="cents">69</span>
        <span class="eur">€</span>
        <span class="unit-price">17,93 €/kg</span>
    </div>

    
    <span class="vline"></span>
</div>                    		
        
        
        <div class="tags tags_primary bottom_icons">
                                                            
                                <div data-alt="Pastāvīgi izdevīga cena" class="tag tag-soap-61 " style="background-image: url('/uploads/sale/pastavigi-izdeviga-cena-3394.png');                     ">
                </div>
                            
                    </div>
        <div class="tags tags_primary info_icon">
            

        </div>

        <div class="info-notice">
            


                                                </div>

        <div class="img">
          <img alt="Ķiršu vai medus pipari ar siera pildījumu WELL DONE" src="/uploads/sale/2026/sales_page/02/09//kirsu-vai-medus-pipari-ar-siera-pildijumu-well-done-00173-0209103121.png?1770625881">
        </div>
        <div class="text  custom-card icon-61     ">
            <div class="title">Ķiršu vai medus pipari ar siera pildījumu WELL DONE</div>
            <div class="pack">
                <span class="ptitle"></span>
                <span class="price"> </span>
            </div>
                    </div>
        <div class="infopop">
            <div class="in"><span></span>
                <div class="arrow_top"></div>
                <div class="arrow_bottom"></div>
            </div>
        </div>
    </div>
</div><div class="col-third offer-item">
    <div class="item bl_shadow product-243391 paldies-card  offer-2-l-sp-sku units-price        " data-product-id="243391" data-timeout="5" data-dates-interval="10.02. - 16.02.2026." tabindex="0" role="button">
                                                    <div class="discount price with-unit-price ">
                                                                            <div class="paldies-card-icon with-unit-price">
                        <img src="/images/front/icons/paldies2-icon.png" alt="Paldies">
                    </div>
                                
                    <div class="t1 with-unit-price paldies-card">
            <span class="value">1</span>
            <span class="cents">29</span>
            <span class="eur">€</span>
            <span class="unit-price">6,45 €/kg</span>
        </div>
                    <div class="t2">
                <span class="value">2,99</span>
                <span class="eur">€</span>
            </div>
            <div class="t3 with-unit-price">
                <span class="value">2</span>
                <span class="cents">99</span>
                <span class="eur">€</span>
                <span class="unit-price">14,95 €/kg</span>            </div>
            
    <span class="vline"></span>
</div>                    		
        
        
        <div class="tags tags_primary bottom_icons">
                                                            
                                <div data-alt="Atlaide ar PALDIES karti" class="tag tag-soap-2 " style="background-image: url('/uploads/sale/atlaide-ar-paldies-karti-7358.png');                     ">
                </div>
                            
                    </div>
        <div class="tags tags_primary info_icon">
            

        </div>

        <div class="info-notice">
            


                                                </div>

        <div class="img">
          <img alt="Sviests, 200 g, 82%" src="/uploads/sale/2026/sales_page/02/09//sviests-00174-0209103121.png?1770625881">
        </div>
        <div class="text paldies-card      ">
            <div class="title">Sviests, 200 g, 82%</div>
            <div class="pack">
                <span class="ptitle"></span>
                <span class="price"> 14,95 €/kg</span>
            </div>
                    </div>
        <div class="infopop">
            <div class="in"><span></span>
                <div class="arrow_top"></div>
                <div class="arrow_bottom"></div>
            </div>
        </div>
    </div>
</div><div class="col-third offer-item">
    <div class="item bl_shadow product-243392 paldies-card  offer-2-l-sp-sku units-price        " data-product-id="243392" data-timeout="5" data-dates-interval="10.02. - 16.02.2026." tabindex="0" role="button">
                                                    <div class="discount price with-unit-price ">
                                                                            <div class="paldies-card-icon with-unit-price">
                        <img src="/images/front/icons/paldies2-icon.png" alt="Paldies">
                    </div>
                                
                    <div class="t1 with-unit-price paldies-card">
            <span class="value">1</span>
            <span class="cents">69</span>
            <span class="eur">€</span>
            <span class="unit-price">4,23 €/kg</span>
        </div>
                    <div class="t2">
                <span class="value">2,95</span>
                <span class="eur">€</span>
            </div>
            <div class="t3 with-unit-price">
                <span class="value">2</span>
                <span class="cents">95</span>
                <span class="eur">€</span>
                <span class="unit-price">7,38 €/kg</span>            </div>
            
    <span class="vline"></span>
</div>                    		
        
        
        <div class="tags tags_primary bottom_icons">
                                                            
                                <div data-alt="Atlaide ar PALDIES karti" class="tag tag-soap-2 " style="background-image: url('/uploads/sale/atlaide-ar-paldies-karti-7358.png');                     ">
                </div>
                            
                    </div>
        <div class="tags tags_primary info_icon">
            

        </div>

        <div class="info-notice">
            


                                                </div>

        <div class="img">
          <img alt="Margarīns RAMA CLASSIC, 400 g, 59%" src="/uploads/sale/2026/sales_page/02/09//margarins-rama-classic-00175-0209103121.png?1770625881">
        </div>
        <div class="text paldies-card      ">
            <div class="title">Margarīns RAMA CLASSIC, 400 g, 59%</div>
            <div class="pack">
                <span class="ptitle"></span>
                <span class="price"> 7,38 €/kg</span>
            </div>
                    </div>
        <div class="infopop">
            <div class="in"><span></span>
                <div class="arrow_top"></div>
                <div class="arrow_bottom"></div>
            </div>
        </div>
    </div>
</div><div class="col-third offer-item">
    <div class="item bl_shadow product-243208   offer-2-l-sp-sku units-price        " data-product-id="243208" data-timeout="5" data-dates-interval="10.02. - 16.02.2026." tabindex="0" role="button">
                                                    <div class="discount price with-unit-price ">
                        <div class="bottom-icon with-unit-price">
                                    <span class="bottom-icon-item icon-51 " style="background-image: url('/uploads/sale/zemo-ceno-grozs-9876.png')" data-code="500">
                                                    <span class="sign">-</span>
                            <span class="value">44</span>
                            <span class="per">%</span>
                                            </span>
                            </div>
            
                    <div class="t1 with-unit-price ">
            <span class="value">0</span>
            <span class="cents">89</span>
            <span class="eur">€</span>
            <span class="unit-price">7,12 €/kg</span>
        </div>
                    <div class="t2">
                <span class="value">1,59</span>
                <span class="eur">€</span>
            </div>
            <div class="t3 ">
                <span class="value">1</span>
                <span class="cents">59</span>
                <span class="eur">€</span>
                            </div>
            
    <span class="vline"></span>
</div>                    		
        
        
        <div class="tags tags_primary bottom_icons">
                            
                    </div>
        <div class="tags tags_primary info_icon">
            
    <div data-alt="Prece pieejama 10.02. - 16.02." class="tag i"></div>

        </div>

        <div class="info-notice">
            


                                                </div>

        <div class="img">
          <img alt="Siers MOZZARELLA GALBANI, 125 g" src="/uploads/sale/2026/sales_page/02/09//siers-mozzarella-galbani-00176-0209103044.png?1770625844">
        </div>
        <div class="text       ">
            <div class="title">Siers MOZZARELLA GALBANI, 125 g</div>
            <div class="pack">
                <span class="ptitle"></span>
                <span class="price"> </span>
            </div>
                    </div>
        <div class="infopop">
            <div class="in"><span></span>
                <div class="arrow_top"></div>
                <div class="arrow_bottom"></div>
            </div>
        </div>
    </div>
</div><div class="col-third offer-item">
    <div class="item bl_shadow product-243209 paldies-card  offer-2-l-sp-sku units-price        " data-product-id="243209" data-timeout="5" data-dates-interval="10.02. - 16.02.2026." tabindex="0" role="button">
                                                    <div class="discount price with-unit-price ">
                                                                            <div class="paldies-card-icon with-unit-price">
                        <img src="/images/front/icons/paldies2-icon.png" alt="Paldies">
                    </div>
                                
                    <div class="t1 with-unit-price paldies-card">
            <span class="value">0</span>
            <span class="cents">99</span>
            <span class="eur">€</span>
            <span class="unit-price">41,25 €/kg</span>
        </div>
                    <div class="t2">
                <span class="value">1,25</span>
                <span class="eur">€</span>
            </div>
            <div class="t3 with-unit-price">
                <span class="value">1</span>
                <span class="cents">25</span>
                <span class="eur">€</span>
                <span class="unit-price">52,08 €/kg</span>            </div>
            
    <span class="vline"></span>
</div>                    		
        
        
        <div class="tags tags_primary bottom_icons">
                                                            
                                <div data-alt="Atlaide ar PALDIES karti" class="tag tag-soap-2 " style="background-image: url('/uploads/sale/atlaide-ar-paldies-karti-7358.png');                     ">
                </div>
                            
                    </div>
        <div class="tags tags_primary info_icon">
            

        </div>

        <div class="info-notice">
            


                                                </div>

        <div class="img">
          <img alt="Siera uzkoda WELL DONE PREMIUM, 24 g, trīs veidi" src="/uploads/sale/2026/sales_page/02/09//siera-uzkoda-well-done-premium-00177-0209103044.png?1770625844">
        </div>
        <div class="text paldies-card      ">
            <div class="title">Siera uzkoda WELL DONE PREMIUM, 24 g, trīs veidi</div>
            <div class="pack">
                <span class="ptitle"></span>
                <span class="price"> 52,08 €/kg</span>
            </div>
                    </div>
        <div class="infopop">
            <div class="in"><span></span>
                <div class="arrow_top"></div>
                <div class="arrow_bottom"></div>
            </div>
        </div>
    </div>
</div><div class="col-third offer-item">
    <div class="item bl_shadow product-243210 paldies-card custom-card offer-2-l-sp-sku units-price        product-border-edlp" data-product-id="243210" data-timeout="5" data-dates-interval="10.02. - 16.02.2026." tabindex="0" role="button">
                                                    <div class="discount price zilacena with-unit-price ">
            <div class="paldies-card-icon with-unit-price round-borders">
        <div class="t1-bg"></div>
        <img src="/images/front/sale/icons/zilacena.png" alt="Pastāvīgi izdevīga cena">
    </div>

    <div class="t1 with-unit-price paldies-card round-borders ">
        <span class="value">3</span>
        <span class="cents">19</span>
        <span class="eur">€</span>
        <span class="unit-price">12,76 €/kg</span>
    </div>

    
    <span class="vline"></span>
</div>                    		
        
        
        <div class="tags tags_primary bottom_icons">
                                                            
                                <div data-alt="Latvijas produkts" class="tag tag-soap-6 " style="background-image: url('/uploads/sale/latvijas-produkts-3559.png');                     ">
                </div>
                                                                            
                                <div data-alt="Pastāvīgi izdevīga cena" class="tag tag-soap-61 " style="background-image: url('/uploads/sale/pastavigi-izdeviga-cena-3394.png');                     ">
                </div>
                            
                    </div>
        <div class="tags tags_primary info_icon">
            

        </div>

        <div class="info-notice">
            


                                                                            </div>

        <div class="img">
          <img alt="Klasiskais siers SMILTENE, 250 g, 50%" src="/uploads/sale/2026/sales_page/02/09//klasiskais-siers-smiltene-00178-0209103044.png?1770625844">
        </div>
        <div class="text  custom-card icon-61     ">
            <div class="title">Klasiskais siers SMILTENE, 250 g, 50%</div>
            <div class="pack">
                <span class="ptitle"></span>
                <span class="price"> </span>
            </div>
                    </div>
        <div class="infopop">
            <div class="in"><span></span>
                <div class="arrow_top"></div>
                <div class="arrow_bottom"></div>
            </div>
        </div>
    </div>
</div><div class="col-third offer-item">
    <div class="item bl_shadow product-243211 paldies-card  offer-2-l-sp-sku units-price        " data-product-id="243211" data-timeout="5" data-dates-interval="10.02. - 16.02.2026." tabindex="0" role="button">
                                                    <div class="discount price with-unit-price ">
                                                                            <div class="paldies-card-icon with-unit-price">
                        <img src="/images/front/icons/paldies2-icon.png" alt="Paldies">
                    </div>
                                
                    <div class="t1 with-unit-price paldies-card">
            <span class="value">2</span>
            <span class="cents">49</span>
            <span class="eur">€</span>
            <span class="unit-price">13,83 €/kg</span>
        </div>
                    <div class="t2">
                <span class="value">2,99</span>
                <span class="eur">€</span>
            </div>
            <div class="t3 with-unit-price">
                <span class="value">2</span>
                <span class="cents">99</span>
                <span class="eur">€</span>
                <span class="unit-price">16,61 €/kg</span>            </div>
            
    <span class="vline"></span>
</div>                    		
        
        
        <div class="tags tags_primary bottom_icons">
                                                            
                                <div data-alt="Atlaide ar PALDIES karti" class="tag tag-soap-2 " style="background-image: url('/uploads/sale/atlaide-ar-paldies-karti-7358.png');                     ">
                </div>
                            
                    </div>
        <div class="tags tags_primary info_icon">
            

        </div>

        <div class="info-notice">
            


                                                </div>

        <div class="img">
          <img alt="Cietais siers WELL DONE, 180 g, 37%, 12 mēn. nogatavināts" src="/uploads/sale/2026/sales_page/02/09//cietais-siers-well-done-00179-0209103044.png?1770625844">
        </div>
        <div class="text paldies-card      ">
            <div class="title">Cietais siers WELL DONE, 180 g, 37%, 12 mēn. nogatavināts</div>
            <div class="pack">
                <span class="ptitle"></span>
                <span class="price"> 16,61 €/kg</span>
            </div>
                    </div>
        <div class="infopop">
            <div class="in"><span></span>
                <div class="arrow_top"></div>
                <div class="arrow_bottom"></div>
            </div>
        </div>
    </div>
</div><div class="col-third offer-item">
    <div class="item bl_shadow product-243212 paldies-card  offer-2-l-sp-sku units-price        " data-product-id="243212" data-timeout="5" data-dates-interval="10.02. - 16.02.2026." tabindex="0" role="button">
                                                    <div class="discount price with-unit-price ">
                                                                            <div class="paldies-card-icon with-unit-price">
                        <img src="/images/front/icons/paldies2-icon.png" alt="Paldies">
                    </div>
                                                                                                
                    <div class="t1 with-unit-price paldies-card">
            <span class="value">3</span>
            <span class="cents">99</span>
            <span class="eur">€</span>
            <span class="unit-price">7,98 €/kg</span>
        </div>
                    <div class="t2">
                <span class="value">6,99</span>
                <span class="eur">€</span>
            </div>
            <div class="t3 with-unit-price">
                <span class="value">6</span>
                <span class="cents">99</span>
                <span class="eur">€</span>
                <span class="unit-price">13,98 €/kg</span>            </div>
            
    <span class="vline"></span>
</div>                    		
        
        
        <div class="tags tags_primary bottom_icons">
                                                            
                                <div data-alt="Atlaide ar PALDIES karti" class="tag tag-soap-2 " style="background-image: url('/uploads/sale/atlaide-ar-paldies-karti-7358.png');                     ">
                </div>
                                                                            
                                <div data-alt="Prece pieejama MAXIMA XX veikalos" class="tag tag-soap-3 tag-shops" style="background-image: url('/uploads/sale/piedavajums-speka-maxima-xx-veikalos-6057.png');                     ">
                </div>
                                                                            
                                <div data-alt="Prece pieejama MAXIMA XXX veikalos" class="tag tag-soap-4 tag-shops" style="background-image: url('/uploads/sale/piedavajums-speka-maxima-xxx-veikalos-3117.png');                     ">
                </div>
                            
                    </div>
        <div class="tags tags_primary info_icon">
            

        </div>

        <div class="info-notice">
            


                                                                                                        </div>

        <div class="img">
          <img alt="Holandes vai Tilzītes siers SIERA NAMS XL, 500 g, šķēlēs" src="/uploads/sale/2026/sales_page/02/09//holandes-vai-tilzites-siers-siera-nams-xl-00180-0209103044.png?1770625844">
        </div>
        <div class="text paldies-card      ">
            <div class="title">Holandes vai Tilzītes siers SIERA NAMS XL, 500 g, šķēlēs</div>
            <div class="pack">
                <span class="ptitle"></span>
                <span class="price"> 13,98 €/kg</span>
            </div>
                    </div>
        <div class="infopop">
            <div class="in"><span></span>
                <div class="arrow_top"></div>
                <div class="arrow_bottom"></div>
            </div>
        </div>
    </div>
</div><div class="col-third offer-item">
    <div class="item bl_shadow product-243213 paldies-card  offer-2-l-sp-sku units-price        " data-product-id="243213" data-timeout="5" data-dates-interval="10.02. - 16.02.2026." tabindex="0" role="button">
                                                    <div class="discount price with-unit-price ">
                                                                            <div class="paldies-card-icon with-unit-price">
                        <img src="/images/front/icons/paldies2-icon.png" alt="Paldies">
                    </div>
                                                                
                    <div class="t1 with-unit-price paldies-card">
            <span class="value">1</span>
            <span class="cents">99</span>
            <span class="eur">€</span>
            <span class="unit-price">7,96 €/kg</span>
        </div>
                    <div class="t2">
                <span class="value">2,49</span>
                <span class="eur">€</span>
            </div>
            <div class="t3 with-unit-price">
                <span class="value">2</span>
                <span class="cents">49</span>
                <span class="eur">€</span>
                <span class="unit-price">9,96 €/kg</span>            </div>
            
    <span class="vline"></span>
</div>                    		
        
        
        <div class="tags tags_primary bottom_icons">
                                                            
                                <div data-alt="Atlaide ar PALDIES karti" class="tag tag-soap-2 " style="background-image: url('/uploads/sale/atlaide-ar-paldies-karti-7358.png');                     ">
                </div>
                                                                            
                                <div data-alt="Saldēts produkts" class="tag tag-soap-11 " style="background-image: url('/uploads/sale/saldets-produkts-4932.png');                     ">
                </div>
                            
                    </div>
        <div class="tags tags_primary info_icon">
            

        </div>

        <div class="info-notice">
            


                                                                            </div>

        <div class="img">
          <img alt="Profiteroļi ar krēma pildījumu WELL DONE, 250 g" src="/uploads/sale/2026/sales_page/02/09//profiteroli-ar-krema-pildijumu-well-done-00181-0209103044.png?1770625844">
        </div>
        <div class="text paldies-card      ">
            <div class="title">Profiteroļi ar krēma pildījumu WELL DONE, 250 g</div>
            <div class="pack">
                <span class="ptitle"></span>
                <span class="price"> 9,96 €/kg</span>
            </div>
                    </div>
        <div class="infopop">
            <div class="in"><span></span>
                <div class="arrow_top"></div>
                <div class="arrow_bottom"></div>
            </div>
        </div>
    </div>
</div><div class="col-third offer-item">
    <div class="item bl_shadow product-243214 paldies-card  offer-2-l-sp-sku units-price        " data-product-id="243214" data-timeout="5" data-dates-interval="10.02. - 16.02.2026." tabindex="0" role="button">
                                                    <div class="discount price with-unit-price ">
                                                                            <div class="paldies-card-icon with-unit-price">
                        <img src="/images/front/icons/paldies2-icon.png" alt="Paldies">
                    </div>
                                                                                                                                
                    <div class="t1 with-unit-price paldies-card">
            <span class="value">3</span>
            <span class="cents">99</span>
            <span class="eur">€</span>
            <span class="unit-price">5,87 €/kg</span>
        </div>
                    <div class="t2">
                <span class="value">7,99</span>
                <span class="eur">€</span>
            </div>
            <div class="t3 with-unit-price">
                <span class="value">7</span>
                <span class="cents">99</span>
                <span class="eur">€</span>
                <span class="unit-price">11,75 €/kg</span>            </div>
            
    <span class="vline"></span>
</div>                    		
        
        
        <div class="tags tags_primary bottom_icons">
                                                            
                                <div data-alt="Atlaide ar PALDIES karti" class="tag tag-soap-2 " style="background-image: url('/uploads/sale/atlaide-ar-paldies-karti-7358.png');                     ">
                </div>
                                                                            
                                <div data-alt="Prece pieejama MAXIMA XX veikalos" class="tag tag-soap-3 tag-shops" style="background-image: url('/uploads/sale/piedavajums-speka-maxima-xx-veikalos-6057.png');                     ">
                </div>
                                                                            
                                <div data-alt="Prece pieejama MAXIMA XXX veikalos" class="tag tag-soap-4 tag-shops" style="background-image: url('/uploads/sale/piedavajums-speka-maxima-xxx-veikalos-3117.png');                     ">
                </div>
                                                                            
                                <div data-alt="Saldēts produkts" class="tag tag-soap-11 " style="background-image: url('/uploads/sale/saldets-produkts-4932.png');                     ">
                </div>
                            
                    </div>
        <div class="tags tags_primary info_icon">
            

        </div>

        <div class="info-notice">
            


                                                                                                                                    </div>

        <div class="img">
          <img alt="Saldējums MR.BIG, 680 g, piparmētru-vaniļas vai brūkleņu-karameļu" src="/uploads/sale/2026/sales_page/02/09//saldejums-mr-big-00182-0209103044.png?1770625844">
        </div>
        <div class="text paldies-card      ">
            <div class="title">Saldējums MR.BIG, 680 g, piparmētru-vaniļas vai brūkleņu-karameļu</div>
            <div class="pack">
                <span class="ptitle"></span>
                <span class="price"> 11,75 €/kg</span>
            </div>
                    </div>
        <div class="infopop">
            <div class="in"><span></span>
                <div class="arrow_top"></div>
                <div class="arrow_bottom"></div>
            </div>
        </div>
    </div>
</div><div class="col-third offer-item">
    <div class="item bl_shadow product-243215 paldies-card custom-card offer-2-l-sp-sku units-price        product-border-edlp" data-product-id="243215" data-timeout="5" data-dates-interval="10.02. - 16.02.2026." tabindex="0" role="button">
                                                    <div class="discount price zilacena with-unit-price ">
            <div class="paldies-card-icon with-unit-price round-borders">
        <div class="t1-bg"></div>
        <img src="/images/front/sale/icons/zilacena.png" alt="Pastāvīgi izdevīga cena">
    </div>

    <div class="t1 with-unit-price paldies-card round-borders ">
        <span class="value">3</span>
        <span class="cents">99</span>
        <span class="eur">€</span>
        <span class="unit-price">16,63 €/kg</span>
    </div>

    
    <span class="vline"></span>
</div>                    		
        
        
        <div class="tags tags_primary bottom_icons">
                                                            
                                <div data-alt="Saldēts produkts" class="tag tag-soap-11 " style="background-image: url('/uploads/sale/saldets-produkts-4932.png');                     ">
                </div>
                                                                            
                                <div data-alt="Pastāvīgi izdevīga cena" class="tag tag-soap-61 " style="background-image: url('/uploads/sale/pastavigi-izdeviga-cena-3394.png');                     ">
                </div>
                            
                    </div>
        <div class="tags tags_primary info_icon">
            

        </div>

        <div class="info-notice">
            


                                                                            </div>

        <div class="img">
          <img alt="Mango vai pistāciju saldējums MOCHI BOUJEE, 1 iepak./6x 40 g" src="/uploads/sale/2026/sales_page/02/09//mango-vai-pistaciju-saldejums-mochi-boujee-00183-0209103044.png?1770625844">
        </div>
        <div class="text  custom-card icon-61     ">
            <div class="title">Mango vai pistāciju saldējums MOCHI BOUJEE, 1 iepak./6x 40 g</div>
            <div class="pack">
                <span class="ptitle"></span>
                <span class="price"> </span>
            </div>
                    </div>
        <div class="infopop">
            <div class="in"><span></span>
                <div class="arrow_top"></div>
                <div class="arrow_bottom"></div>
            </div>
        </div>
    </div>
</div><div class="col-third offer-item">
    <div class="item bl_shadow product-243216 paldies-card  offer-2-l-sp-sku-one units-price        " data-product-id="243216" data-timeout="5" data-dates-interval="10.02. - 16.02.2026." tabindex="0" role="button">
                                                    <div class="discount price with-unit-price ">
                                                        <div class="paldies-card-icon with-unit-price">
                    <img src="/images/front/icons/paldies2-icon.png" alt="Paldies">
                </div>
                                                                                                                        
    <div class="t1 with-unit-price">
        <span class="value">2</span>
        <span class="cents">79</span>
        <span class="eur">€</span>
        <span class="unit-price">8,72 €/kg</span>
    </div>
        <div class="t2 t2-sku-two-one">
        <span class="value">4,69</span>
        <span class="eur">€</span>
    </div>
        <div class="t3 t3-sku-two-one with-unit-price">
        <span class="value">4</span>
        <span class="cents">69</span>
        <span class="eur">€</span>
        <span class="unit-price">no 14,66 €/kg</span>    </div>
    <span class="vline"></span>
</div>                    		
        
        
        <div class="tags tags_primary bottom_icons">
                                                            
                                <div data-alt="Atlaide ar PALDIES karti" class="tag tag-soap-2 " style="background-image: url('/uploads/sale/atlaide-ar-paldies-karti-7358.png');                     ">
                </div>
                                                                            
                                <div data-alt="Prece pieejama MAXIMA XX veikalos" class="tag tag-soap-3 tag-shops" style="background-image: url('/uploads/sale/piedavajums-speka-maxima-xx-veikalos-6057.png');                     ">
                </div>
                                                                            
                                <div data-alt="Prece pieejama MAXIMA XXX veikalos" class="tag tag-soap-4 tag-shops" style="background-image: url('/uploads/sale/piedavajums-speka-maxima-xxx-veikalos-3117.png');                     ">
                </div>
                                                                            
                                <div data-alt="Saldēts produkts" class="tag tag-soap-11 " style="background-image: url('/uploads/sale/saldets-produkts-4932.png');                     ">
                </div>
                            
                    </div>
        <div class="tags tags_primary info_icon">
            

        </div>

        <div class="info-notice">
            


                                                                                                                                    </div>

        <div class="img">
          <img alt="Maizītes ar marcipānu un magonēm vai kanēļa, 320 g, LATVIJAS MAIZNIEKS" src="/uploads/sale/2026/sales_page/02/09//maizites-ar-marcipanu-un-magonem-vai-kanela-00184-0209103044.png?1770625844">
        </div>
        <div class="text paldies-card      ">
            <div class="title">Maizītes ar marcipānu un magonēm vai kanēļa, 320 g, LATVIJAS MAIZNIEKS</div>
            <div class="pack">
                <span class="ptitle"></span>
                <span class="price"> no 14,66 €/kg</span>
            </div>
                    </div>
        <div class="infopop">
            <div class="in"><span></span>
                <div class="arrow_top"></div>
                <div class="arrow_bottom"></div>
            </div>
        </div>
    </div>
</div><div class="col-third offer-item">
    <div class="item bl_shadow product-243227 paldies-card  offer-2-l-sp-sku units-price        " data-product-id="243227" data-timeout="5" data-dates-interval="10.02. - 16.02.2026." tabindex="0" role="button">
                                                    <div class="discount price with-unit-price ">
                                                                            <div class="paldies-card-icon with-unit-price">
                        <img src="/images/front/icons/paldies2-icon.png" alt="Paldies">
                    </div>
                                                                
                    <div class="t1 with-unit-price paldies-card">
            <span class="value">1</span>
            <span class="cents">29</span>
            <span class="eur">€</span>
            <span class="unit-price">15,54 €/kg</span>
        </div>
                    <div class="t2">
                <span class="value">2,15</span>
                <span class="eur">€</span>
            </div>
            <div class="t3 with-unit-price">
                <span class="value">2</span>
                <span class="cents">15</span>
                <span class="eur">€</span>
                <span class="unit-price">25,90 €/kg</span>            </div>
            
    <span class="vline"></span>
</div>                    		
        
        
        <div class="tags tags_primary bottom_icons">
                                                            
                                <div data-alt="Atlaide ar PALDIES karti" class="tag tag-soap-2 " style="background-image: url('/uploads/sale/atlaide-ar-paldies-karti-7358.png');                     ">
                </div>
                                                                            
                                <div data-alt="Saldēts produkts" class="tag tag-soap-11 " style="background-image: url('/uploads/sale/saldets-produkts-4932.png');                     ">
                </div>
                            
                    </div>
        <div class="tags tags_primary info_icon">
            

        </div>

        <div class="info-notice">
            


                                                                            </div>

        <div class="img">
          <img alt="Saldējums ar mandelēm MAGNUM, 83 g" src="/uploads/sale/2026/sales_page/02/09//saldejums-ar-mandelem-magnum-00185-0209103048.png?1770625848">
        </div>
        <div class="text paldies-card      ">
            <div class="title">Saldējums ar mandelēm MAGNUM, 83 g</div>
            <div class="pack">
                <span class="ptitle"></span>
                <span class="price"> 25,90 €/kg</span>
            </div>
                    </div>
        <div class="infopop">
            <div class="in"><span></span>
                <div class="arrow_top"></div>
                <div class="arrow_bottom"></div>
            </div>
        </div>
    </div>
</div><div class="col-third offer-item">
    <div class="item bl_shadow product-243388 paldies-card  offer-2-l-sp-sku units-price        " data-product-id="243388" data-timeout="5" data-dates-interval="10.02. - 16.02.2026." tabindex="0" role="button">
                                                    <div class="discount price with-unit-price ">
                                                                            <div class="paldies-card-icon with-unit-price">
                        <img src="/images/front/icons/paldies2-icon.png" alt="Paldies">
                    </div>
                                
                    <div class="t1 with-unit-price paldies-card">
            <span class="value">1</span>
            <span class="cents">69</span>
            <span class="eur">€</span>
            <span class="unit-price">4,23 €/kg</span>
        </div>
                    <div class="t2">
                <span class="value">2,25</span>
                <span class="eur">€</span>
            </div>
            <div class="t3 with-unit-price">
                <span class="value">2</span>
                <span class="cents">25</span>
                <span class="eur">€</span>
                <span class="unit-price">5,63 €/kg</span>            </div>
            
    <span class="vline"></span>
</div>                    		
        
        
        <div class="tags tags_primary bottom_icons">
                                                            
                                <div data-alt="Atlaide ar PALDIES karti" class="tag tag-soap-2 " style="background-image: url('/uploads/sale/atlaide-ar-paldies-karti-7358.png');                     ">
                </div>
                            
                    </div>
        <div class="tags tags_primary info_icon">
            

        </div>

        <div class="info-notice">
            


                                                </div>

        <div class="img">
          <img alt="Jogurta dzēriens ACTIMEL, 1 iepak./4x 100 g, trīs veidi" src="/uploads/sale/2026/sales_page/02/09//jogurta-dzeriens-actimel-00171-0209103121.png?1770625881">
        </div>
        <div class="text paldies-card      ">
            <div class="title">Jogurta dzēriens ACTIMEL, 1 iepak./4x 100 g, trīs veidi</div>
            <div class="pack">
                <span class="ptitle"></span>
                <span class="price"> 5,63 €/kg</span>
            </div>
                    </div>
        <div class="infopop">
            <div class="in"><span></span>
                <div class="arrow_top"></div>
                <div class="arrow_bottom"></div>
            </div>
        </div>
    </div>
</div><div class="col-third offer-item">
    <div class="item bl_shadow product-243389 paldies-card  offer-2-l-sp-sku units-price        " data-product-id="243389" data-timeout="5" data-dates-interval="10.02. - 16.02.2026." tabindex="0" role="button">
                                                    <div class="discount price with-unit-price ">
                                                                            <div class="paldies-card-icon with-unit-price">
                        <img src="/images/front/icons/paldies2-icon.png" alt="Paldies">
                    </div>
                                                                
                    <div class="t1 with-unit-price paldies-card">
            <span class="value">0</span>
            <span class="cents">99</span>
            <span class="eur">€</span>
            <span class="unit-price">3,67 €/kg</span>
        </div>
                    <div class="t2">
                <span class="value">1,59</span>
                <span class="eur">€</span>
            </div>
            <div class="t3 with-unit-price">
                <span class="value">1</span>
                <span class="cents">59</span>
                <span class="eur">€</span>
                <span class="unit-price">5,89 €/kg</span>            </div>
            
    <span class="vline"></span>
</div>                    		
        
        
        <div class="tags tags_primary bottom_icons">
                                                            
                                <div data-alt="Atlaide ar PALDIES karti" class="tag tag-soap-2 " style="background-image: url('/uploads/sale/atlaide-ar-paldies-karti-7358.png');                     ">
                </div>
                                                                            
                                <div data-alt="Latvijas produkts" class="tag tag-soap-6 " style="background-image: url('/uploads/sale/latvijas-produkts-3559.png');                     ">
                </div>
                            
                    </div>
        <div class="tags tags_primary info_icon">
            

        </div>

        <div class="info-notice">
            


                                                                            </div>

        <div class="img">
          <img alt="Raudzēts produkts bez laktozes LAKTO, 270 g, ar zemeņu-mango garšu" src="/uploads/sale/2026/sales_page/02/09//raudzets-produkts-bez-laktozes-lakto-00172-0209103121.png?1770625881">
        </div>
        <div class="text paldies-card      ">
            <div class="title">Raudzēts produkts bez laktozes LAKTO, 270 g, ar zemeņu-mango garšu</div>
            <div class="pack">
                <span class="ptitle"></span>
                <span class="price"> 5,89 €/kg</span>
            </div>
                    </div>
        <div class="infopop">
            <div class="in"><span></span>
                <div class="arrow_top"></div>
                <div class="arrow_bottom"></div>
            </div>
        </div>
    </div>
</div><div class="col-third offer-item">
    <div class="item bl_shadow product-243390 paldies-card custom-card offer-2-l-sp-sku units-price        product-border-edlp" data-product-id="243390" data-timeout="5" data-dates-interval="10.02. - 16.02.2026." tabindex="0" role="button">
                                                    <div class="discount price zilacena with-unit-price ">
            <div class="paldies-card-icon with-unit-price round-borders">
        <div class="t1-bg"></div>
        <img src="/images/front/sale/icons/zilacena.png" alt="Pastāvīgi izdevīga cena">
    </div>

    <div class="t1 with-unit-price paldies-card round-borders ">
        <span class="value">2</span>
        <span class="cents">69</span>
        <span class="eur">€</span>
        <span class="unit-price">17,93 €/kg</span>
    </div>

    
    <span class="vline"></span>
</div>                    		
        
        
        <div class="tags tags_primary bottom_icons">
                                                            
                                <div data-alt="Pastāvīgi izdevīga cena" class="tag tag-soap-61 " style="background-image: url('/uploads/sale/pastavigi-izdeviga-cena-3394.png');                     ">
                </div>
                            
                    </div>
        <div class="tags tags_primary info_icon">
            

        </div>

        <div class="info-notice">
            


                                                </div>

        <div class="img">
          <img alt="Ķiršu vai medus pipari ar siera pildījumu WELL DONE" src="/uploads/sale/2026/sales_page/02/09//kirsu-vai-medus-pipari-ar-siera-pildijumu-well-done-00173-0209103121.png?1770625881">
        </div>
        <div class="text  custom-card icon-61     ">
            <div class="title">Ķiršu vai medus pipari ar siera pildījumu WELL DONE</div>
            <div class="pack">
                <span class="ptitle"></span>
                <span class="price"> </span>
            </div>
                    </div>
        <div class="infopop">
            <div class="in"><span></span>
                <div class="arrow_top"></div>
                <div class="arrow_bottom"></div>
            </div>
        </div>
    </div>
</div><div class="col-third offer-item">
    <div class="item bl_shadow product-243391 paldies-card  offer-2-l-sp-sku units-price        " data-product-id="243391" data-timeout="5" data-dates-interval="10.02. - 16.02.2026." tabindex="0" role="button">
                                                    <div class="discount price with-unit-price ">
                                                                            <div class="paldies-card-icon with-unit-price">
                        <img src="/images/front/icons/paldies2-icon.png" alt="Paldies">
                    </div>
                                
                    <div class="t1 with-unit-price paldies-card">
            <span class="value">1</span>
            <span class="cents">29</span>
            <span class="eur">€</span>
            <span class="unit-price">6,45 €/kg</span>
        </div>
                    <div class="t2">
                <span class="value">2,99</span>
                <span class="eur">€</span>
            </div>
            <div class="t3 with-unit-price">
                <span class="value">2</span>
                <span class="cents">99</span>
                <span class="eur">€</span>
                <span class="unit-price">14,95 €/kg</span>            </div>
            
    <span class="vline"></span>
</div>                    		
        
        
        <div class="tags tags_primary bottom_icons">
                                                            
                                <div data-alt="Atlaide ar PALDIES karti" class="tag tag-soap-2 " style="background-image: url('/uploads/sale/atlaide-ar-paldies-karti-7358.png');                     ">
                </div>
                            
                    </div>
        <div class="tags tags_primary info_icon">
            

        </div>

        <div class="info-notice">
            


                                                </div>

        <div class="img">
          <img alt="Sviests, 200 g, 82%" src="/uploads/sale/2026/sales_page/02/09//sviests-00174-0209103121.png?1770625881">
        </div>
        <div class="text paldies-card      ">
            <div class="title">Sviests, 200 g, 82%</div>
            <div class="pack">
                <span class="ptitle"></span>
                <span class="price"> 14,95 €/kg</span>
            </div>
                    </div>
        <div class="infopop">
            <div class="in"><span></span>
                <div class="arrow_top"></div>
                <div class="arrow_bottom"></div>
            </div>
        </div>
    </div>
</div><div class="col-third offer-item">
    <div class="item bl_shadow product-243392 paldies-card  offer-2-l-sp-sku units-price        " data-product-id="243392" data-timeout="5" data-dates-interval="10.02. - 16.02.2026." tabindex="0" role="button">
                                                    <div class="discount price with-unit-price ">
                                                                            <div class="paldies-card-icon with-unit-price">
                        <img src="/images/front/icons/paldies2-icon.png" alt="Paldies">
                    </div>
                                
                    <div class="t1 with-unit-price paldies-card">
            <span class="value">1</span>
            <span class="cents">69</span>
            <span class="eur">€</span>
            <span class="unit-price">4,23 €/kg</span>
        </div>
                    <div class="t2">
                <span class="value">2,95</span>
                <span class="eur">€</span>
            </div>
            <div class="t3 with-unit-price">
                <span class="value">2</span>
                <span class="cents">95</span>
                <span class="eur">€</span>
                <span class="unit-price">7,38 €/kg</span>            </div>
            
    <span class="vline"></span>
</div>                    		
        
        
        <div class="tags tags_primary bottom_icons">
                                                            
                                <div data-alt="Atlaide ar PALDIES karti" class="tag tag-soap-2 " style="background-image: url('/uploads/sale/atlaide-ar-paldies-karti-7358.png');                     ">
                </div>
                            
                    </div>
        <div class="tags tags_primary info_icon">
            

        </div>

        <div class="info-notice">
            


                                                </div>

        <div class="img">
          <img alt="Margarīns RAMA CLASSIC, 400 g, 59%" src="/uploads/sale/2026/sales_page/02/09//margarins-rama-classic-00175-0209103121.png?1770625881">
        </div>
        <div class="text paldies-card      ">
            <div class="title">Margarīns RAMA CLASSIC, 400 g, 59%</div>
            <div class="pack">
                <span class="ptitle"></span>
                <span class="price"> 7,38 €/kg</span>
            </div>
                    </div>
        <div class="infopop">
            <div class="in"><span></span>
                <div class="arrow_top"></div>
                <div class="arrow_bottom"></div>
            </div>
        </div>
    </div>
</div><div class="col-third offer-item">
    <div class="item bl_shadow product-243208   offer-2-l-sp-sku units-price        " data-product-id="243208" data-timeout="5" data-dates-interval="10.02. - 16.02.2026." tabindex="0" role="button">
                                                    <div class="discount price with-unit-price ">
                        <div class="bottom-icon with-unit-price">
                                    <span class="bottom-icon-item icon-51 " style="background-image: url('/uploads/sale/zemo-ceno-grozs-9876.png')" data-code="500">
                                                    <span class="sign">-</span>
                            <span class="value">44</span>
                            <span class="per">%</span>
                                            </span>
                            </div>
            
                    <div class="t1 with-unit-price ">
            <span class="value">0</span>
            <span class="cents">89</span>
            <span class="eur">€</span>
            <span class="unit-price">7,12 €/kg</span>
        </div>
                    <div class="t2">
                <span class="value">1,59</span>
                <span class="eur">€</span>
            </div>
            <div class="t3 ">
                <span class="value">1</span>
                <span class="cents">59</span>
                <span class="eur">€</span>
                            </div>
            
    <span class="vline"></span>
</div>                    		
        
        
        <div class="tags tags_primary bottom_icons">
                            
                    </div>
        <div class="tags tags_primary info_icon">
            
    <div data-alt="Prece pieejama 10.02. - 16.02." class="tag i"></div>

        </div>

        <div class="info-notice">
            


                                                </div>

        <div class="img">
          <img alt="Siers MOZZARELLA GALBANI, 125 g" src="/uploads/sale/2026/sales_page/02/09//siers-mozzarella-galbani-00176-0209103044.png?1770625844">
        </div>
        <div class="text       ">
            <div class="title">Siers MOZZARELLA GALBANI, 125 g</div>
            <div class="pack">
                <span class="ptitle"></span>
                <span class="price"> </span>
            </div>
                    </div>
        <div class="infopop">
            <div class="in"><span></span>
                <div class="arrow_top"></div>
                <div class="arrow_bottom"></div>
            </div>
        </div>
    </div>
</div><div class="col-third offer-item">
    <div class="item bl_shadow product-243209 paldies-card  offer-2-l-sp-sku units-price        " data-product-id="243209" data-timeout="5" data-dates-interval="10.02. - 16.02.2026." tabindex="0" role="button">
                                                    <div class="discount price with-unit-price ">
                                                                            <div class="paldies-card-icon with-unit-price">
                        <img src="/images/front/icons/paldies2-icon.png" alt="Paldies">
                    </div>
                                
                    <div class="t1 with-unit-price paldies-card">
            <span class="value">0</span>
            <span class="cents">99</span>
            <span class="eur">€</span>
            <span class="unit-price">41,25 €/kg</span>
        </div>
                    <div class="t2">
                <span class="value">1,25</span>
                <span class="eur">€</span>
            </div>
            <div class="t3 with-unit-price">
                <span class="value">1</span>
                <span class="cents">25</span>
                <span class="eur">€</span>
                <span class="unit-price">52,08 €/kg</span>            </div>
            
    <span class="vline"></span>
</div>                    		
        
        
        <div class="tags tags_primary bottom_icons">
                                                            
                                <div data-alt="Atlaide ar PALDIES karti" class="tag tag-soap-2 " style="background-image: url('/uploads/sale/atlaide-ar-paldies-karti-7358.png');                     ">
                </div>
                            
                    </div>
        <div class="tags tags_primary info_icon">
            

        </div>

        <div class="info-notice">
            


                                                </div>

        <div class="img">
          <img alt="Siera uzkoda WELL DONE PREMIUM, 24 g, trīs veidi" src="/uploads/sale/2026/sales_page/02/09//siera-uzkoda-well-done-premium-00177-0209103044.png?1770625844">
        </div>
        <div class="text paldies-card      ">
            <div class="title">Siera uzkoda WELL DONE PREMIUM, 24 g, trīs veidi</div>
            <div class="pack">
                <span class="ptitle"></span>
                <span class="price"> 52,08 €/kg</span>
            </div>
                    </div>
        <div class="infopop">
            <div class="in"><span></span>
                <div class="arrow_top"></div>
                <div class="arrow_bottom"></div>
            </div>
        </div>
    </div>
</div><div class="col-third offer-item">
    <div class="item bl_shadow product-243210 paldies-card custom-card offer-2-l-sp-sku units-price        product-border-edlp" data-product-id="243210" data-timeout="5" data-dates-interval="10.02. - 16.02.2026." tabindex="0" role="button">
                                                    <div class="discount price zilacena with-unit-price ">
            <div class="paldies-card-icon with-unit-price round-borders">
        <div class="t1-bg"></div>
        <img src="/images/front/sale/icons/zilacena.png" alt="Pastāvīgi izdevīga cena">
    </div>

    <div class="t1 with-unit-price paldies-card round-borders ">
        <span class="value">3</span>
        <span class="cents">19</span>
        <span class="eur">€</span>
        <span class="unit-price">12,76 €/kg</span>
    </div>

    
    <span class="vline"></span>
</div>                    		
        
        
        <div class="tags tags_primary bottom_icons">
                                                            
                                <div data-alt="Latvijas produkts" class="tag tag-soap-6 " style="background-image: url('/uploads/sale/latvijas-produkts-3559.png');                     ">
                </div>
                                                                            
                                <div data-alt="Pastāvīgi izdevīga cena" class="tag tag-soap-61 " style="background-image: url('/uploads/sale/pastavigi-izdeviga-cena-3394.png');                     ">
                </div>
                            
                    </div>
        <div class="tags tags_primary info_icon">
            

        </div>

        <div class="info-notice">
            


                                                                            </div>

        <div class="img">
          <img alt="Klasiskais siers SMILTENE, 250 g, 50%" src="/uploads/sale/2026/sales_page/02/09//klasiskais-siers-smiltene-00178-0209103044.png?1770625844">
        </div>
        <div class="text  custom-card icon-61     ">
            <div class="title">Klasiskais siers SMILTENE, 250 g, 50%</div>
            <div class="pack">
                <span class="ptitle"></span>
                <span class="price"> </span>
            </div>
                    </div>
        <div class="infopop">
            <div class="in"><span></span>
                <div class="arrow_top"></div>
                <div class="arrow_bottom"></div>
            </div>
        </div>
    </div>
</div><div class="col-third offer-item">
    <div class="item bl_shadow product-243211 paldies-card  offer-2-l-sp-sku units-price        " data-product-id="243211" data-timeout="5" data-dates-interval="10.02. - 16.02.2026." tabindex="0" role="button">
                                                    <div class="discount price with-unit-price ">
                                                                            <div class="paldies-card-icon with-unit-price">
                        <img src="/images/front/icons/paldies2-icon.png" alt="Paldies">
                    </div>
                                
                    <div class="t1 with-unit-price paldies-card">
            <span class="value">2</span>
            <span class="cents">49</span>
            <span class="eur">€</span>
            <span class="unit-price">13,83 €/kg</span>
        </div>
                    <div class="t2">
                <span class="value">2,99</span>
                <span class="eur">€</span>
            </div>
            <div class="t3 with-unit-price">
                <span class="value">2</span>
                <span class="cents">99</span>
                <span class="eur">€</span>
                <span class="unit-price">16,61 €/kg</span>            </div>
            
    <span class="vline"></span>
</div>                    		
        
        
        <div class="tags tags_primary bottom_icons">
                                                            
                                <div data-alt="Atlaide ar PALDIES karti" class="tag tag-soap-2 " style="background-image: url('/uploads/sale/atlaide-ar-paldies-karti-7358.png');                     ">
                </div>
                            
                    </div>
        <div class="tags tags_primary info_icon">
            

        </div>

        <div class="info-notice">
            


                                                </div>

        <div class="img">
          <img alt="Cietais siers WELL DONE, 180 g, 37%, 12 mēn. nogatavināts" src="/uploads/sale/2026/sales_page/02/09//cietais-siers-well-done-00179-0209103044.png?1770625844">
        </div>
        <div class="text paldies-card      ">
            <div class="title">Cietais siers WELL DONE, 180 g, 37%, 12 mēn. nogatavināts</div>
            <div class="pack">
                <span class="ptitle"></span>
                <span class="price"> 16,61 €/kg</span>
            </div>
                    </div>
        <div class="infopop">
            <div class="in"><span></span>
                <div class="arrow_top"></div>
                <div class="arrow_bottom"></div>
            </div>
        </div>
    </div>
</div><div class="col-third offer-item">
    <div class="item bl_shadow product-243212 paldies-card  offer-2-l-sp-sku units-price        " data-product-id="243212" data-timeout="5" data-dates-interval="10.02. - 16.02.2026." tabindex="0" role="button">
                                                    <div class="discount price with-unit-price ">
                                                                            <div class="paldies-card-icon with-unit-price">
                        <img src="/images/front/icons/paldies2-icon.png" alt="Paldies">
                    </div>
                                                                                                
                    <div class="t1 with-unit-price paldies-card">
            <span class="value">3</span>
            <span class="cents">99</span>
            <span class="eur">€</span>
            <span class="unit-price">7,98 €/kg</span>
        </div>
                    <div class="t2">
                <span class="value">6,99</span>
                <span class="eur">€</span>
            </div>
            <div class="t3 with-unit-price">
                <span class="value">6</span>
                <span class="cents">99</span>
                <span class="eur">€</span>
                <span class="unit-price">13,98 €/kg</span>            </div>
            
    <span class="vline"></span>
</div>                    		
        
        
        <div class="tags tags_primary bottom_icons">
                                                            
                                <div data-alt="Atlaide ar PALDIES karti" class="tag tag-soap-2 " style="background-image: url('/uploads/sale/atlaide-ar-paldies-karti-7358.png');                     ">
                </div>
                                                                            
                                <div data-alt="Prece pieejama MAXIMA XX veikalos" class="tag tag-soap-3 tag-shops" style="background-image: url('/uploads/sale/piedavajums-speka-maxima-xx-veikalos-6057.png');                     ">
                </div>
                                                                            
                                <div data-alt="Prece pieejama MAXIMA XXX veikalos" class="tag tag-soap-4 tag-shops" style="background-image: url('/uploads/sale/piedavajums-speka-maxima-xxx-veikalos-3117.png');                     ">
                </div>
                            
                    </div>
        <div class="tags tags_primary info_icon">
            

        </div>

        <div class="info-notice">
            


                                                                                                        </div>

        <div class="img">
          <img alt="Holandes vai Tilzītes siers SIERA NAMS XL, 500 g, šķēlēs" src="/uploads/sale/2026/sales_page/02/09//holandes-vai-tilzites-siers-siera-nams-xl-00180-0209103044.png?1770625844">
        </div>
        <div class="text paldies-card      ">
            <div class="title">Holandes vai Tilzītes siers SIERA NAMS XL, 500 g, šķēlēs</div>
            <div class="pack">
                <span class="ptitle"></span>
                <span class="price"> 13,98 €/kg</span>
            </div>
                    </div>
        <div class="infopop">
            <div class="in"><span></span>
                <div class="arrow_top"></div>
                <div class="arrow_bottom"></div>
            </div>
        </div>
    </div>
</div><div class="col-third offer-item">
    <div class="item bl_shadow product-243213 paldies-card  offer-2-l-sp-sku units-price        " data-product-id="243213" data-timeout="5" data-dates-interval="10.02. - 16.02.2026." tabindex="0" role="button">
                                                    <div class="discount price with-unit-price ">
                                                                            <div class="paldies-card-icon with-unit-price">
                        <img src="/images/front/icons/paldies2-icon.png" alt="Paldies">
                    </div>
                                                                
                    <div class="t1 with-unit-price paldies-card">
            <span class="value">1</span>
            <span class="cents">99</span>
            <span class="eur">€</span>
            <span class="unit-price">7,96 €/kg</span>
        </div>
                    <div class="t2">
                <span class="value">2,49</span>
                <span class="eur">€</span>
            </div>
            <div class="t3 with-unit-price">
                <span class="value">2</span>
                <span class="cents">49</span>
                <span class="eur">€</span>
                <span class="unit-price">9,96 €/kg</span>            </div>
            
    <span class="vline"></span>
</div>                    		
        
        
        <div class="tags tags_primary bottom_icons">
                                                            
                                <div data-alt="Atlaide ar PALDIES karti" class="tag tag-soap-2 " style="background-image: url('/uploads/sale/atlaide-ar-paldies-karti-7358.png');                     ">
                </div>
                                                                            
                                <div data-alt="Saldēts produkts" class="tag tag-soap-11 " style="background-image: url('/uploads/sale/saldets-produkts-4932.png');                     ">
                </div>
                            
                    </div>
        <div class="tags tags_primary info_icon">
            

        </div>

        <div class="info-notice">
            


                                                                            </div>

        <div class="img">
          <img alt="Profiteroļi ar krēma pildījumu WELL DONE, 250 g" src="/uploads/sale/2026/sales_page/02/09//profiteroli-ar-krema-pildijumu-well-done-00181-0209103044.png?1770625844">
        </div>
        <div class="text paldies-card      ">
            <div class="title">Profiteroļi ar krēma pildījumu WELL DONE, 250 g</div>
            <div class="pack">
                <span class="ptitle"></span>
                <span class="price"> 9,96 €/kg</span>
            </div>
                    </div>
        <div class="infopop">
            <div class="in"><span></span>
                <div class="arrow_top"></div>
                <div class="arrow_bottom"></div>
            </div>
        </div>
    </div>
</div><div class="col-third offer-item">
    <div class="item bl_shadow product-243214 paldies-card  offer-2-l-sp-sku units-price        " data-product-id="243214" data-timeout="5" data-dates-interval="10.02. - 16.02.2026." tabindex="0" role="button">
                                                    <div class="discount price with-unit-price ">
                                                                            <div class="paldies-card-icon with-unit-price">
                        <img src="/images/front/icons/paldies2-icon.png" alt="Paldies">
                    </div>
                                                                                                                                
                    <div class="t1 with-unit-price paldies-card">
            <span class="value">3</span>
            <span class="cents">99</span>
            <span class="eur">€</span>
            <span class="unit-price">5,87 €/kg</span>
        </div>
                    <div class="t2">
                <span class="value">7,99</span>
                <span class="eur">€</span>
            </div>
            <div class="t3 with-unit-price">
                <span class="value">7</span>
                <span class="cents">99</span>
                <span class="eur">€</span>
                <span class="unit-price">11,75 €/kg</span>            </div>
            
    <span class="vline"></span>
</div>                    		
        
        
        <div class="tags tags_primary bottom_icons">
                                                            
                                <div data-alt="Atlaide ar PALDIES karti" class="tag tag-soap-2 " style="background-image: url('/uploads/sale/atlaide-ar-paldies-karti-7358.png');                     ">
                </div>
                                                                            
                                <div data-alt="Prece pieejama MAXIMA XX veikalos" class="tag tag-soap-3 tag-shops" style="background-image: url('/uploads/sale/piedavajums-speka-maxima-xx-veikalos-6057.png');                     ">
                </div>
                                                                            
                                <div data-alt="Prece pieejama MAXIMA XXX veikalos" class="tag tag-soap-4 tag-shops" style="background-image: url('/uploads/sale/piedavajums-speka-maxima-xxx-veikalos-3117.png');                     ">
                </div>
                                                                            
                                <div data-alt="Saldēts produkts" class="tag tag-soap-11 " style="background-image: url('/uploads/sale/saldets-produkts-4932.png');                     ">
                </div>
                            
                    </div>
        <div class="tags tags_primary info_icon">
            

        </div>

        <div class="info-notice">
            


                                                                                                                                    </div>

        <div class="img">
          <img alt="Saldējums MR.BIG, 680 g, piparmētru-vaniļas vai brūkleņu-karameļu" src="/uploads/sale/2026/sales_page/02/09//saldejums-mr-big-00182-0209103044.png?1770625844">
        </div>
        <div class="text paldies-card      ">
            <div class="title">Saldējums MR.BIG, 680 g, piparmētru-vaniļas vai brūkleņu-karameļu</div>
            <div class="pack">
                <span class="ptitle"></span>
                <span class="price"> 11,75 €/kg</span>
            </div>
                    </div>
        <div class="infopop">
            <div class="in"><span></span>
                <div class="arrow_top"></div>
                <div class="arrow_bottom"></div>
            </div>
        </div>
    </div>
</div><div class="col-third offer-item">
    <div class="item bl_shadow product-243215 paldies-card custom-card offer-2-l-sp-sku units-price        product-border-edlp" data-product-id="243215" data-timeout="5" data-dates-interval="10.02. - 16.02.2026." tabindex="0" role="button">
                                                    <div class="discount price zilacena with-unit-price ">
            <div class="paldies-card-icon with-unit-price round-borders">
        <div class="t1-bg"></div>
        <img src="/images/front/sale/icons/zilacena.png" alt="Pastāvīgi izdevīga cena">
    </div>

    <div class="t1 with-unit-price paldies-card round-borders ">
        <span class="value">3</span>
        <span class="cents">99</span>
        <span class="eur">€</span>
        <span class="unit-price">16,63 €/kg</span>
    </div>

    
    <span class="vline"></span>
</div>                    		
        
        
        <div class="tags tags_primary bottom_icons">
                                                            
                                <div data-alt="Saldēts produkts" class="tag tag-soap-11 " style="background-image: url('/uploads/sale/saldets-produkts-4932.png');                     ">
                </div>
                                                                            
                                <div data-alt="Pastāvīgi izdevīga cena" class="tag tag-soap-61 " style="background-image: url('/uploads/sale/pastavigi-izdeviga-cena-3394.png');                     ">
                </div>
                            
                    </div>
        <div class="tags tags_primary info_icon">
            

        </div>

        <div class="info-notice">
            


                                                                            </div>

        <div class="img">
          <img alt="Mango vai pistāciju saldējums MOCHI BOUJEE, 1 iepak./6x 40 g" src="/uploads/sale/2026/sales_page/02/09//mango-vai-pistaciju-saldejums-mochi-boujee-00183-0209103044.png?1770625844">
        </div>
        <div class="text  custom-card icon-61     ">
            <div class="title">Mango vai pistāciju saldējums MOCHI BOUJEE, 1 iepak./6x 40 g</div>
            <div class="pack">
                <span class="ptitle"></span>
                <span class="price"> </span>
            </div>
                    </div>
        <div class="infopop">
            <div class="in"><span></span>
                <div class="arrow_top"></div>
                <div class="arrow_bottom"></div>
            </div>
        </div>
    </div>
</div><div class="col-third offer-item">
    <div class="item bl_shadow product-243216 paldies-card  offer-2-l-sp-sku-one units-price        " data-product-id="243216" data-timeout="5" data-dates-interval="10.02. - 16.02.2026." tabindex="0" role="button">
                                                    <div class="discount price with-unit-price ">
                                                        <div class="paldies-card-icon with-unit-price">
                    <img src="/images/front/icons/paldies2-icon.png" alt="Paldies">
                </div>
                                                                                                                        
    <div class="t1 with-unit-price">
        <span class="value">2</span>
        <span class="cents">79</span>
        <span class="eur">€</span>
        <span class="unit-price">8,72 €/kg</span>
    </div>
        <div class="t2 t2-sku-two-one">
        <span class="value">4,69</span>
        <span class="eur">€</span>
    </div>
        <div class="t3 t3-sku-two-one with-unit-price">
        <span class="value">4</span>
        <span class="cents">69</span>
        <span class="eur">€</span>
        <span class="unit-price">no 14,66 €/kg</span>    </div>
    <span class="vline"></span>
</div>                    		
        
        
        <div class="tags tags_primary bottom_icons">
                                                            
                                <div data-alt="Atlaide ar PALDIES karti" class="tag tag-soap-2 " style="background-image: url('/uploads/sale/atlaide-ar-paldies-karti-7358.png');                     ">
                </div>
                                                                            
                                <div data-alt="Prece pieejama MAXIMA XX veikalos" class="tag tag-soap-3 tag-shops" style="background-image: url('/uploads/sale/piedavajums-speka-maxima-xx-veikalos-6057.png');                     ">
                </div>
                                                                            
                                <div data-alt="Prece pieejama MAXIMA XXX veikalos" class="tag tag-soap-4 tag-shops" style="background-image: url('/uploads/sale/piedavajums-speka-maxima-xxx-veikalos-3117.png');                     ">
                </div>
                                                                            
                                <div data-alt="Saldēts produkts" class="tag tag-soap-11 " style="background-image: url('/uploads/sale/saldets-produkts-4932.png');                     ">
                </div>
                            
                    </div>
        <div class="tags tags_primary info_icon">
            

        </div>

        <div class="info-notice">
            


                                                                                                                                    </div>

        <div class="img">
          <img alt="Maizītes ar marcipānu un magonēm vai kanēļa, 320 g, LATVIJAS MAIZNIEKS" src="/uploads/sale/2026/sales_page/02/09//maizites-ar-marcipanu-un-magonem-vai-kanela-00184-0209103044.png?1770625844">
        </div>
        <div class="text paldies-card      ">
            <div class="title">Maizītes ar marcipānu un magonēm vai kanēļa, 320 g, LATVIJAS MAIZNIEKS</div>
            <div class="pack">
                <span class="ptitle"></span>
                <span class="price"> no 14,66 €/kg</span>
            </div>
                    </div>
        <div class="infopop">
            <div class="in"><span></span>
                <div class="arrow_top"></div>
                <div class="arrow_bottom"></div>
            </div>
        </div>
    </div>
</div><div class="col-third offer-item">
    <div class="item bl_shadow product-243227 paldies-card  offer-2-l-sp-sku units-price        " data-product-id="243227" data-timeout="5" data-dates-interval="10.02. - 16.02.2026." tabindex="0" role="button">
                                                    <div class="discount price with-unit-price ">
                                                                            <div class="paldies-card-icon with-unit-price">
                        <img src="/images/front/icons/paldies2-icon.png" alt="Paldies">
                    </div>
                                                                
                    <div class="t1 with-unit-price paldies-card">
            <span class="value">1</span>
            <span class="cents">29</span>
            <span class="eur">€</span>
            <span class="unit-price">15,54 €/kg</span>
        </div>
                    <div class="t2">
                <span class="value">2,15</span>
                <span class="eur">€</span>
            </div>
            <div class="t3 with-unit-price">
                <span class="value">2</span>
                <span class="cents">15</span>
                <span class="eur">€</span>
                <span class="unit-price">25,90 €/kg</span>            </div>
            
    <span class="vline"></span>
</div>                    		
        
        
        <div class="tags tags_primary bottom_icons">
                                                            
                                <div data-alt="Atlaide ar PALDIES karti" class="tag tag-soap-2 " style="background-image: url('/uploads/sale/atlaide-ar-paldies-karti-7358.png');                     ">
                </div>
                                                                            
                                <div data-alt="Saldēts produkts" class="tag tag-soap-11 " style="background-image: url('/uploads/sale/saldets-produkts-4932.png');                     ">
                </div>
                            
                    </div>
        <div class="tags tags_primary info_icon">
            

        </div>

        <div class="info-notice">
            


                                                                            </div>

        <div class="img">
          <img alt="Saldējums ar mandelēm MAGNUM, 83 g" src="/uploads/sale/2026/sales_page/02/09//saldejums-ar-mandelem-magnum-00185-0209103048.png?1770625848">
        </div>
        <div class="text paldies-card      ">
            <div class="title">Saldējums ar mandelēm MAGNUM, 83 g</div>
            <div class="pack">
                <span class="ptitle"></span>
                <span class="price"> 25,90 €/kg</span>
            </div>
                    </div>
        <div class="infopop">
            <div class="in"><span></span>
                <div class="arrow_top"></div>
                <div class="arrow_bottom"></div>
            </div>
        </div>
    </div>
</div><div class="col-third offer-item">
    <div class="item bl_shadow product-243388 paldies-card  offer-2-l-sp-sku units-price        " data-product-id="243388" data-timeout="5" data-dates-interval="10.02. - 16.02.2026." tabindex="0" role="button">
                                                    <div class="discount price with-unit-price ">
                                                                            <div class="paldies-card-icon with-unit-price">
                        <img src="/images/front/icons/paldies2-icon.png" alt="Paldies">
                    </div>
                                
                    <div class="t1 with-unit-price paldies-card">
            <span class="value">1</span>
            <span class="cents">69</span>
            <span class="eur">€</span>
            <span class="unit-price">4,23 €/kg</span>
        </div>
                    <div class="t2">
                <span class="value">2,25</span>
                <span class="eur">€</span>
            </div>
            <div class="t3 with-unit-price">
                <span class="value">2</span>
                <span class="cents">25</span>
                <span class="eur">€</span>
                <span class="unit-price">5,63 €/kg</span>            </div>
            
    <span class="vline"></span>
</div>                    		
        
        
        <div class="tags tags_primary bottom_icons">
                                                            
                                <div data-alt="Atlaide ar PALDIES karti" class="tag tag-soap-2 " style="background-image: url('/uploads/sale/atlaide-ar-paldies-karti-7358.png');                     ">
                </div>
                            
                    </div>
        <div class="tags tags_primary info_icon">
            

        </div>

        <div class="info-notice">
            


                                                </div>

        <div class="img">
          <img alt="Jogurta dzēriens ACTIMEL, 1 iepak./4x 100 g, trīs veidi" src="/uploads/sale/2026/sales_page/02/09//jogurta-dzeriens-actimel-00171-0209103121.png?1770625881">
        </div>
        <div class="text paldies-card      ">
            <div class="title">Jogurta dzēriens ACTIMEL, 1 iepak./4x 100 g, trīs veidi</div>
            <div class="pack">
                <span class="ptitle"></span>
                <span class="price"> 5,63 €/kg</span>
            </div>
                    </div>
        <div class="infopop">
            <div class="in"><span></span>
                <div class="arrow_top"></div>
                <div class="arrow_bottom"></div>
            </div>
        </div>
    </div>
</div><div class="col-third offer-item">
    <div class="item bl_shadow product-243389 paldies-card  offer-2-l-sp-sku units-price        " data-product-id="243389" data-timeout="5" data-dates-interval="10.02. - 16.02.2026." tabindex="0" role="button">
                                                    <div class="discount price with-unit-price ">
                                                                            <div class="paldies-card-icon with-unit-price">
                        <img src="/images/front/icons/paldies2-icon.png" alt="Paldies">
                    </div>
                                                                
                    <div class="t1 with-unit-price paldies-card">
            <span class="value">0</span>
            <span class="cents">99</span>
            <span class="eur">€</span>
            <span class="unit-price">3,67 €/kg</span>
        </div>
                    <div class="t2">
                <span class="value">1,59</span>
                <span class="eur">€</span>
            </div>
            <div class="t3 with-unit-price">
                <span class="value">1</span>
                <span class="cents">59</span>
                <span class="eur">€</span>
                <span class="unit-price">5,89 €/kg</span>            </div>
            
    <span class="vline"></span>
</div>                    		
        
        
        <div class="tags tags_primary bottom_icons">
                                                            
                                <div data-alt="Atlaide ar PALDIES karti" class="tag tag-soap-2 " style="background-image: url('/uploads/sale/atlaide-ar-paldies-karti-7358.png');                     ">
                </div>
                                                                            
                                <div data-alt="Latvijas produkts" class="tag tag-soap-6 " style="background-image: url('/uploads/sale/latvijas-produkts-3559.png');                     ">
                </div>
                            
                    </div>
        <div class="tags tags_primary info_icon">
            

        </div>

        <div class="info-notice">
            


                                                                            </div>

        <div class="img">
          <img alt="Raudzēts produkts bez laktozes LAKTO, 270 g, ar zemeņu-mango garšu" src="/uploads/sale/2026/sales_page/02/09//raudzets-produkts-bez-laktozes-lakto-00172-0209103121.png?1770625881">
        </div>
        <div class="text paldies-card      ">
            <div class="title">Raudzēts produkts bez laktozes LAKTO, 270 g, ar zemeņu-mango garšu</div>
            <div class="pack">
                <span class="ptitle"></span>
                <span class="price"> 5,89 €/kg</span>
            </div>
                    </div>
        <div class="infopop">
            <div class="in"><span></span>
                <div class="arrow_top"></div>
                <div class="arrow_bottom"></div>
            </div>
        </div>
    </div>
</div><div class="col-third offer-item">
    <div class="item bl_shadow product-243390 paldies-card custom-card offer-2-l-sp-sku units-price        product-border-edlp" data-product-id="243390" data-timeout="5" data-dates-interval="10.02. - 16.02.2026." tabindex="0" role="button">
                                                    <div class="discount price zilacena with-unit-price ">
            <div class="paldies-card-icon with-unit-price round-borders">
        <div class="t1-bg"></div>
        <img src="/images/front/sale/icons/zilacena.png" alt="Pastāvīgi izdevīga cena">
    </div>

    <div class="t1 with-unit-price paldies-card round-borders ">
        <span class="value">2</span>
        <span class="cents">69</span>
        <span class="eur">€</span>
        <span class="unit-price">17,93 €/kg</span>
    </div>

    
    <span class="vline"></span>
</div>                    		
        
        
        <div class="tags tags_primary bottom_icons">
                                                            
                                <div data-alt="Pastāvīgi izdevīga cena" class="tag tag-soap-61 " style="background-image: url('/uploads/sale/pastavigi-izdeviga-cena-3394.png');                     ">
                </div>
                            
                    </div>
        <div class="tags tags_primary info_icon">
            

        </div>

        <div class="info-notice">
            


                                                </div>

        <div class="img">
          <img alt="Ķiršu vai medus pipari ar siera pildījumu WELL DONE" src="/uploads/sale/2026/sales_page/02/09//kirsu-vai-medus-pipari-ar-siera-pildijumu-well-done-00173-0209103121.png?1770625881">
        </div>
        <div class="text  custom-card icon-61     ">
            <div class="title">Ķiršu vai medus pipari ar siera pildījumu WELL DONE</div>
            <div class="pack">
                <span class="ptitle"></span>
                <span class="price"> </span>
            </div>
                    </div>
        <div class="infopop">
            <div class="in"><span></span>
                <div class="arrow_top"></div>
                <div class="arrow_bottom"></div>
            </div>
        </div>
    </div>
</div><div class="col-third offer-item">
    <div class="item bl_shadow product-243391 paldies-card  offer-2-l-sp-sku units-price        " data-product-id="243391" data-timeout="5" data-dates-interval="10.02. - 16.02.2026." tabindex="0" role="button">
                                                    <div class="discount price with-unit-price ">
                                                                            <div class="paldies-card-icon with-unit-price">
                        <img src="/images/front/icons/paldies2-icon.png" alt="Paldies">
                    </div>
                                
                    <div class="t1 with-unit-price paldies-card">
            <span class="value">1</span>
            <span class="cents">29</span>
            <span class="eur">€</span>
            <span class="unit-price">6,45 €/kg</span>
        </div>
                    <div class="t2">
                <span class="value">2,99</span>
                <span class="eur">€</span>
            </div>
            <div class="t3 with-unit-price">
                <span class="value">2</span>
                <span class="cents">99</span>
                <span class="eur">€</span>
                <span class="unit-price">14,95 €/kg</span>            </div>
            
    <span class="vline"></span>
</div>                    		
        
        
        <div class="tags tags_primary bottom_icons">
                                                            
                                <div data-alt="Atlaide ar PALDIES karti" class="tag tag-soap-2 " style="background-image: url('/uploads/sale/atlaide-ar-paldies-karti-7358.png');                     ">
                </div>
                            
                    </div>
        <div class="tags tags_primary info_icon">
            

        </div>

        <div class="info-notice">
            


                                                </div>

        <div class="img">
          <img alt="Sviests, 200 g, 82%" src="/uploads/sale/2026/sales_page/02/09//sviests-00174-0209103121.png?1770625881">
        </div>
        <div class="text paldies-card      ">
            <div class="title">Sviests, 200 g, 82%</div>
            <div class="pack">
                <span class="ptitle"></span>
                <span class="price"> 14,95 €/kg</span>
            </div>
                    </div>
        <div class="infopop">
            <div class="in"><span></span>
                <div class="arrow_top"></div>
                <div class="arrow_bottom"></div>
            </div>
        </div>
    </div>
</div><div class="col-third offer-item">
    <div class="item bl_shadow product-243392 paldies-card  offer-2-l-sp-sku units-price        " data-product-id="243392" data-timeout="5" data-dates-interval="10.02. - 16.02.2026." tabindex="0" role="button">
                                                    <div class="discount price with-unit-price ">
                                                                            <div class="paldies-card-icon with-unit-price">
                        <img src="/images/front/icons/paldies2-icon.png" alt="Paldies">
                    </div>
                                
                    <div class="t1 with-unit-price paldies-card">
            <span class="value">1</span>
            <span class="cents">69</span>
            <span class="eur">€</span>
            <span class="unit-price">4,23 €/kg</span>
        </div>
                    <div class="t2">
                <span class="value">2,95</span>
                <span class="eur">€</span>
            </div>
            <div class="t3 with-unit-price">
                <span class="value">2</span>
                <span class="cents">95</span>
                <span class="eur">€</span>
                <span class="unit-price">7,38 €/kg</span>            </div>
            
    <span class="vline"></span>
</div>                    		
        
        
        <div class="tags tags_primary bottom_icons">
                                                            
                                <div data-alt="Atlaide ar PALDIES karti" class="tag tag-soap-2 " style="background-image: url('/uploads/sale/atlaide-ar-paldies-karti-7358.png');                     ">
                </div>
                            
                    </div>
        <div class="tags tags_primary info_icon">
            

        </div>

        <div class="info-notice">
            


                                                </div>

        <div class="img">
          <img alt="Margarīns RAMA CLASSIC, 400 g, 59%" src="/uploads/sale/2026/sales_page/02/09//margarins-rama-classic-00175-0209103121.png?1770625881">
        </div>
        <div class="text paldies-card      ">
            <div class="title">Margarīns RAMA CLASSIC, 400 g, 59%</div>
            <div class="pack">
                <span class="ptitle"></span>
                <span class="price"> 7,38 €/kg</span>
            </div>
                    </div>
        <div class="infopop">
            <div class="in"><span></span>
                <div class="arrow_top"></div>
                <div class="arrow_bottom"></div>
            </div>
        </div>
    </div>
</div><div class="col-third offer-item">
    <div class="item bl_shadow product-243208   offer-2-l-sp-sku units-price        " data-product-id="243208" data-timeout="5" data-dates-interval="10.02. - 16.02.2026." tabindex="0" role="button">
                                                    <div class="discount price with-unit-price ">
                        <div class="bottom-icon with-unit-price">
                                    <span class="bottom-icon-item icon-51 " style="background-image: url('/uploads/sale/zemo-ceno-grozs-9876.png')" data-code="500">
                                                    <span class="sign">-</span>
                            <span class="value">44</span>
                            <span class="per">%</span>
                                            </span>
                            </div>
            
                    <div class="t1 with-unit-price ">
            <span class="value">0</span>
            <span class="cents">89</span>
            <span class="eur">€</span>
            <span class="unit-price">7,12 €/kg</span>
        </div>
                    <div class="t2">
                <span class="value">1,59</span>
                <span class="eur">€</span>
            </div>
            <div class="t3 ">
                <span class="value">1</span>
                <span class="cents">59</span>
                <span class="eur">€</span>
                            </div>
            
    <span class="vline"></span>
</div>                    		
        
        
        <div class="tags tags_primary bottom_icons">
                            
                    </div>
        <div class="tags tags_primary info_icon">
            
    <div data-alt="Prece pieejama 10.02. - 16.02." class="tag i"></div>

        </div>

        <div class="info-notice">
            


                                                </div>

        <div class="img">
          <img alt="Siers MOZZARELLA GALBANI, 125 g" src="/uploads/sale/2026/sales_page/02/09//siers-mozzarella-galbani-00176-0209103044.png?1770625844">
        </div>
        <div class="text       ">
            <div class="title">Siers MOZZARELLA GALBANI, 125 g</div>
            <div class="pack">
                <span class="ptitle"></span>
                <span class="price"> </span>
            </div>
                    </div>
        <div class="infopop">
            <div class="in"><span></span>
                <div class="arrow_top"></div>
                <div class="arrow_bottom"></div>
            </div>
        </div>
    </div>
</div><div class="col-third offer-item">
    <div class="item bl_shadow product-243209 paldies-card  offer-2-l-sp-sku units-price        " data-product-id="243209" data-timeout="5" data-dates-interval="10.02. - 16.02.2026." tabindex="0" role="button">
                                                    <div class="discount price with-unit-price ">
                                                                            <div class="paldies-card-icon with-unit-price">
                        <img src="/images/front/icons/paldies2-icon.png" alt="Paldies">
                    </div>
                                
                    <div class="t1 with-unit-price paldies-card">
            <span class="value">0</span>
            <span class="cents">99</span>
            <span class="eur">€</span>
            <span class="unit-price">41,25 €/kg</span>
        </div>
                    <div class="t2">
                <span class="value">1,25</span>
                <span class="eur">€</span>
            </div>
            <div class="t3 with-unit-price">
                <span class="value">1</span>
                <span class="cents">25</span>
                <span class="eur">€</span>
                <span class="unit-price">52,08 €/kg</span>            </div>
            
    <span class="vline"></span>
</div>                    		
        
        
        <div class="tags tags_primary bottom_icons">
                                                            
                                <div data-alt="Atlaide ar PALDIES karti" class="tag tag-soap-2 " style="background-image: url('/uploads/sale/atlaide-ar-paldies-karti-7358.png');                     ">
                </div>
                            
                    </div>
        <div class="tags tags_primary info_icon">
            

        </div>

        <div class="info-notice">
            


                                                </div>

        <div class="img">
          <img alt="Siera uzkoda WELL DONE PREMIUM, 24 g, trīs veidi" src="/uploads/sale/2026/sales_page/02/09//siera-uzkoda-well-done-premium-00177-0209103044.png?1770625844">
        </div>
        <div class="text paldies-card      ">
            <div class="title">Siera uzkoda WELL DONE PREMIUM, 24 g, trīs veidi</div>
            <div class="pack">
                <span class="ptitle"></span>
                <span class="price"> 52,08 €/kg</span>
            </div>
                    </div>
        <div class="infopop">
            <div class="in"><span></span>
                <div class="arrow_top"></div>
                <div class="arrow_bottom"></div>
            </div>
        </div>
    </div>
</div><div class="col-third offer-item">
    <div class="item bl_shadow product-243210 paldies-card custom-card offer-2-l-sp-sku units-price        product-border-edlp" data-product-id="243210" data-timeout="5" data-dates-interval="10.02. - 16.02.2026." tabindex="0" role="button">
                                                    <div class="discount price zilacena with-unit-price ">
            <div class="paldies-card-icon with-unit-price round-borders">
        <div class="t1-bg"></div>
        <img src="/images/front/sale/icons/zilacena.png" alt="Pastāvīgi izdevīga cena">
    </div>

    <div class="t1 with-unit-price paldies-card round-borders ">
        <span class="value">3</span>
        <span class="cents">19</span>
        <span class="eur">€</span>
        <span class="unit-price">12,76 €/kg</span>
    </div>

    
    <span class="vline"></span>
</div>                    		
        
        
        <div class="tags tags_primary bottom_icons">
                                                            
                                <div data-alt="Latvijas produkts" class="tag tag-soap-6 " style="background-image: url('/uploads/sale/latvijas-produkts-3559.png');                     ">
                </div>
                                                                            
                                <div data-alt="Pastāvīgi izdevīga cena" class="tag tag-soap-61 " style="background-image: url('/uploads/sale/pastavigi-izdeviga-cena-3394.png');                     ">
                </div>
                            
                    </div>
        <div class="tags tags_primary info_icon">
            

        </div>

        <div class="info-notice">
            


                                                                            </div>

        <div class="img">
          <img alt="Klasiskais siers SMILTENE, 250 g, 50%" src="/uploads/sale/2026/sales_page/02/09//klasiskais-siers-smiltene-00178-0209103044.png?1770625844">
        </div>
        <div class="text  custom-card icon-61     ">
            <div class="title">Klasiskais siers SMILTENE, 250 g, 50%</div>
            <div class="pack">
                <span class="ptitle"></span>
                <span class="price"> </span>
            </div>
                    </div>
        <div class="infopop">
            <div class="in"><span></span>
                <div class="arrow_top"></div>
                <div class="arrow_bottom"></div>
            </div>
        </div>
    </div>
</div><div class="col-third offer-item">
    <div class="item bl_shadow product-243211 paldies-card  offer-2-l-sp-sku units-price        " data-product-id="243211" data-timeout="5" data-dates-interval="10.02. - 16.02.2026." tabindex="0" role="button">
                                                    <div class="discount price with-unit-price ">
                                                                            <div class="paldies-card-icon with-unit-price">
                        <img src="/images/front/icons/paldies2-icon.png" alt="Paldies">
                    </div>
                                
                    <div class="t1 with-unit-price paldies-card">
            <span class="value">2</span>
            <span class="cents">49</span>
            <span class="eur">€</span>
            <span class="unit-price">13,83 €/kg</span>
        </div>
                    <div class="t2">
                <span class="value">2,99</span>
                <span class="eur">€</span>
            </div>
            <div class="t3 with-unit-price">
                <span class="value">2</span>
                <span class="cents">99</span>
                <span class="eur">€</span>
                <span class="unit-price">16,61 €/kg</span>            </div>
            
    <span class="vline"></span>
</div>                    		
        
        
        <div class="tags tags_primary bottom_icons">
                                                            
                                <div data-alt="Atlaide ar PALDIES karti" class="tag tag-soap-2 " style="background-image: url('/uploads/sale/atlaide-ar-paldies-karti-7358.png');                     ">
                </div>
                            
                    </div>
        <div class="tags tags_primary info_icon">
            

        </div>

        <div class="info-notice">
            


                                                </div>

        <div class="img">
          <img alt="Cietais siers WELL DONE, 180 g, 37%, 12 mēn. nogatavināts" src="/uploads/sale/2026/sales_page/02/09//cietais-siers-well-done-00179-0209103044.png?1770625844">
        </div>
        <div class="text paldies-card      ">
            <div class="title">Cietais siers WELL DONE, 180 g, 37%, 12 mēn. nogatavināts</div>
            <div class="pack">
                <span class="ptitle"></span>
                <span class="price"> 16,61 €/kg</span>
            </div>
                    </div>
        <div class="infopop">
            <div class="in"><span></span>
                <div class="arrow_top"></div>
                <div class="arrow_bottom"></div>
            </div>
        </div>
    </div>
</div><div class="col-third offer-item">
    <div class="item bl_shadow product-243212 paldies-card  offer-2-l-sp-sku units-price        " data-product-id="243212" data-timeout="5" data-dates-interval="10.02. - 16.02.2026." tabindex="0" role="button">
                                                    <div class="discount price with-unit-price ">
                                                                            <div class="paldies-card-icon with-unit-price">
                        <img src="/images/front/icons/paldies2-icon.png" alt="Paldies">
                    </div>
                                                                                                
                    <div class="t1 with-unit-price paldies-card">
            <span class="value">3</span>
            <span class="cents">99</span>
            <span class="eur">€</span>
            <span class="unit-price">7,98 €/kg</span>
        </div>
                    <div class="t2">
                <span class="value">6,99</span>
                <span class="eur">€</span>
            </div>
            <div class="t3 with-unit-price">
                <span class="value">6</span>
                <span class="cents">99</span>
                <span class="eur">€</span>
                <span class="unit-price">13,98 €/kg</span>            </div>
            
    <span class="vline"></span>
</div>                    		
        
        
        <div class="tags tags_primary bottom_icons">
                                                            
                                <div data-alt="Atlaide ar PALDIES karti" class="tag tag-soap-2 " style="background-image: url('/uploads/sale/atlaide-ar-paldies-karti-7358.png');                     ">
                </div>
                                                                            
                                <div data-alt="Prece pieejama MAXIMA XX veikalos" class="tag tag-soap-3 tag-shops" style="background-image: url('/uploads/sale/piedavajums-speka-maxima-xx-veikalos-6057.png');                     ">
                </div>
                                                                            
                                <div data-alt="Prece pieejama MAXIMA XXX veikalos" class="tag tag-soap-4 tag-shops" style="background-image: url('/uploads/sale/piedavajums-speka-maxima-xxx-veikalos-3117.png');                     ">
                </div>
                            
                    </div>
        <div class="tags tags_primary info_icon">
            

        </div>

        <div class="info-notice">
            


                                                                                                        </div>

        <div class="img">
          <img alt="Holandes vai Tilzītes siers SIERA NAMS XL, 500 g, šķēlēs" src="/uploads/sale/2026/sales_page/02/09//holandes-vai-tilzites-siers-siera-nams-xl-00180-0209103044.png?1770625844">
        </div>
        <div class="text paldies-card      ">
            <div class="title">Holandes vai Tilzītes siers SIERA NAMS XL, 500 g, šķēlēs</div>
            <div class="pack">
                <span class="ptitle"></span>
                <span class="price"> 13,98 €/kg</span>
            </div>
                    </div>
        <div class="infopop">
            <div class="in"><span></span>
                <div class="arrow_top"></div>
                <div class="arrow_bottom"></div>
            </div>
        </div>
    </div>
</div><div class="col-third offer-item">
    <div class="item bl_shadow product-243213 paldies-card  offer-2-l-sp-sku units-price        " data-product-id="243213" data-timeout="5" data-dates-interval="10.02. - 16.02.2026." tabindex="0" role="button">
                                                    <div class="discount price with-unit-price ">
                                                                            <div class="paldies-card-icon with-unit-price">
                        <img src="/images/front/icons/paldies2-icon.png" alt="Paldies">
                    </div>
                                                                
                    <div class="t1 with-unit-price paldies-card">
            <span class="value">1</span>
            <span class="cents">99</span>
            <span class="eur">€</span>
            <span class="unit-price">7,96 €/kg</span>
        </div>
                    <div class="t2">
                <span class="value">2,49</span>
                <span class="eur">€</span>
            </div>
            <div class="t3 with-unit-price">
                <span class="value">2</span>
                <span class="cents">49</span>
                <span class="eur">€</span>
                <span class="unit-price">9,96 €/kg</span>            </div>
            
    <span class="vline"></span>
</div>                    		
        
        
        <div class="tags tags_primary bottom_icons">
                                                            
                                <div data-alt="Atlaide ar PALDIES karti" class="tag tag-soap-2 " style="background-image: url('/uploads/sale/atlaide-ar-paldies-karti-7358.png');                     ">
                </div>
                                                                            
                                <div data-alt="Saldēts produkts" class="tag tag-soap-11 " style="background-image: url('/uploads/sale/saldets-produkts-4932.png');                     ">
                </div>
                            
                    </div>
        <div class="tags tags_primary info_icon">
            

        </div>

        <div class="info-notice">
            


                                                                            </div>

        <div class="img">
          <img alt="Profiteroļi ar krēma pildījumu WELL DONE, 250 g" src="/uploads/sale/2026/sales_page/02/09//profiteroli-ar-krema-pildijumu-well-done-00181-0209103044.png?1770625844">
        </div>
        <div class="text paldies-card      ">
            <div class="title">Profiteroļi ar krēma pildījumu WELL DONE, 250 g</div>
            <div class="pack">
                <span class="ptitle"></span>
                <span class="price"> 9,96 €/kg</span>
            </div>
                    </div>
        <div class="infopop">
            <div class="in"><span></span>
                <div class="arrow_top"></div>
                <div class="arrow_bottom"></div>
            </div>
        </div>
    </div>
</div><div class="col-third offer-item">
    <div class="item bl_shadow product-243214 paldies-card  offer-2-l-sp-sku units-price        " data-product-id="243214" data-timeout="5" data-dates-interval="10.02. - 16.02.2026." tabindex="0" role="button">
                                                    <div class="discount price with-unit-price ">
                                                                            <div class="paldies-card-icon with-unit-price">
                        <img src="/images/front/icons/paldies2-icon.png" alt="Paldies">
                    </div>
                                                                                                                                
                    <div class="t1 with-unit-price paldies-card">
            <span class="value">3</span>
            <span class="cents">99</span>
            <span class="eur">€</span>
            <span class="unit-price">5,87 €/kg</span>
        </div>
                    <div class="t2">
                <span class="value">7,99</span>
                <span class="eur">€</span>
            </div>
            <div class="t3 with-unit-price">
                <span class="value">7</span>
                <span class="cents">99</span>
                <span class="eur">€</span>
                <span class="unit-price">11,75 €/kg</span>            </div>
            
    <span class="vline"></span>
</div>                    		
        
        
        <div class="tags tags_primary bottom_icons">
                                                            
                                <div data-alt="Atlaide ar PALDIES karti" class="tag tag-soap-2 " style="background-image: url('/uploads/sale/atlaide-ar-paldies-karti-7358.png');                     ">
                </div>
                                                                            
                                <div data-alt="Prece pieejama MAXIMA XX veikalos" class="tag tag-soap-3 tag-shops" style="background-image: url('/uploads/sale/piedavajums-speka-maxima-xx-veikalos-6057.png');                     ">
                </div>
                                                                            
                                <div data-alt="Prece pieejama MAXIMA XXX veikalos" class="tag tag-soap-4 tag-shops" style="background-image: url('/uploads/sale/piedavajums-speka-maxima-xxx-veikalos-3117.png');                     ">
                </div>
                                                                            
                                <div data-alt="Saldēts produkts" class="tag tag-soap-11 " style="background-image: url('/uploads/sale/saldets-produkts-4932.png');                     ">
                </div>
                            
                    </div>
        <div class="tags tags_primary info_icon">
            

        </div>

        <div class="info-notice">
            


                                                                                                                                    </div>

        <div class="img">
          <img alt="Saldējums MR.BIG, 680 g, piparmētru-vaniļas vai brūkleņu-karameļu" src="/uploads/sale/2026/sales_page/02/09//saldejums-mr-big-00182-0209103044.png?1770625844">
        </div>
        <div class="text paldies-card      ">
            <div class="title">Saldējums MR.BIG, 680 g, piparmētru-vaniļas vai brūkleņu-karameļu</div>
            <div class="pack">
                <span class="ptitle"></span>
                <span class="price"> 11,75 €/kg</span>
            </div>
                    </div>
        <div class="infopop">
            <div class="in"><span></span>
                <div class="arrow_top"></div>
                <div class="arrow_bottom"></div>
            </div>
        </div>
    </div>
</div><div class="col-third offer-item">
    <div class="item bl_shadow product-243215 paldies-card custom-card offer-2-l-sp-sku units-price        product-border-edlp" data-product-id="243215" data-timeout="5" data-dates-interval="10.02. - 16.02.2026." tabindex="0" role="button">
                                                    <div class="discount price zilacena with-unit-price ">
            <div class="paldies-card-icon with-unit-price round-borders">
        <div class="t1-bg"></div>
        <img src="/images/front/sale/icons/zilacena.png" alt="Pastāvīgi izdevīga cena">
    </div>

    <div class="t1 with-unit-price paldies-card round-borders ">
        <span class="value">3</span>
        <span class="cents">99</span>
        <span class="eur">€</span>
        <span class="unit-price">16,63 €/kg</span>
    </div>

    
    <span class="vline"></span>
</div>                    		
        
        
        <div class="tags tags_primary bottom_icons">
                                                            
                                <div data-alt="Saldēts produkts" class="tag tag-soap-11 " style="background-image: url('/uploads/sale/saldets-produkts-4932.png');                     ">
                </div>
                                                                            
                                <div data-alt="Pastāvīgi izdevīga cena" class="tag tag-soap-61 " style="background-image: url('/uploads/sale/pastavigi-izdeviga-cena-3394.png');                     ">
                </div>
                            
                    </div>
        <div class="tags tags_primary info_icon">
            

        </div>

        <div class="info-notice">
            


                                                                            </div>

        <div class="img">
          <img alt="Mango vai pistāciju saldējums MOCHI BOUJEE, 1 iepak./6x 40 g" src="/uploads/sale/2026/sales_page/02/09//mango-vai-pistaciju-saldejums-mochi-boujee-00183-0209103044.png?1770625844">
        </div>
        <div class="text  custom-card icon-61     ">
            <div class="title">Mango vai pistāciju saldējums MOCHI BOUJEE, 1 iepak./6x 40 g</div>
            <div class="pack">
                <span class="ptitle"></span>
                <span class="price"> </span>
            </div>
                    </div>
        <div class="infopop">
            <div class="in"><span></span>
                <div class="arrow_top"></div>
                <div class="arrow_bottom"></div>
            </div>
        </div>
    </div>
</div><div class="col-third offer-item">
    <div class="item bl_shadow product-243216 paldies-card  offer-2-l-sp-sku-one units-price        " data-product-id="243216" data-timeout="5" data-dates-interval="10.02. - 16.02.2026." tabindex="0" role="button">
                                                    <div class="discount price with-unit-price ">
                                                        <div class="paldies-card-icon with-unit-price">
                    <img src="/images/front/icons/paldies2-icon.png" alt="Paldies">
                </div>
                                                                                                                        
    <div class="t1 with-unit-price">
        <span class="value">2</span>
        <span class="cents">79</span>
        <span class="eur">€</span>
        <span class="unit-price">8,72 €/kg</span>
    </div>
        <div class="t2 t2-sku-two-one">
        <span class="value">4,69</span>
        <span class="eur">€</span>
    </div>
        <div class="t3 t3-sku-two-one with-unit-price">
        <span class="value">4</span>
        <span class="cents">69</span>
        <span class="eur">€</span>
        <span class="unit-price">no 14,66 €/kg</span>    </div>
    <span class="vline"></span>
</div>                    		
        
        
        <div class="tags tags_primary bottom_icons">
                                                            
                                <div data-alt="Atlaide ar PALDIES karti" class="tag tag-soap-2 " style="background-image: url('/uploads/sale/atlaide-ar-paldies-karti-7358.png');                     ">
                </div>
                                                                            
                                <div data-alt="Prece pieejama MAXIMA XX veikalos" class="tag tag-soap-3 tag-shops" style="background-image: url('/uploads/sale/piedavajums-speka-maxima-xx-veikalos-6057.png');                     ">
                </div>
                                                                            
                                <div data-alt="Prece pieejama MAXIMA XXX veikalos" class="tag tag-soap-4 tag-shops" style="background-image: url('/uploads/sale/piedavajums-speka-maxima-xxx-veikalos-3117.png');                     ">
                </div>
                                                                            
                                <div data-alt="Saldēts produkts" class="tag tag-soap-11 " style="background-image: url('/uploads/sale/saldets-produkts-4932.png');                     ">
                </div>
                            
                    </div>
        <div class="tags tags_primary info_icon">
            

        </div>

        <div class="info-notice">
            


                                                                                                                                    </div>

        <div class="img">
          <img alt="Maizītes ar marcipānu un magonēm vai kanēļa, 320 g, LATVIJAS MAIZNIEKS" src="/uploads/sale/2026/sales_page/02/09//maizites-ar-marcipanu-un-magonem-vai-kanela-00184-0209103044.png?1770625844">
        </div>
        <div class="text paldies-card      ">
            <div class="title">Maizītes ar marcipānu un magonēm vai kanēļa, 320 g, LATVIJAS MAIZNIEKS</div>
            <div class="pack">
                <span class="ptitle"></span>
                <span class="price"> no 14,66 €/kg</span>
            </div>
                    </div>
        <div class="infopop">
            <div class="in"><span></span>
                <div class="arrow_top"></div>
                <div class="arrow_bottom"></div>
            </div>
        </div>
    </div>
</div><div class="col-third offer-item">
    <div class="item bl_shadow product-243227 paldies-card  offer-2-l-sp-sku units-price        " data-product-id="243227" data-timeout="5" data-dates-interval="10.02. - 16.02.2026." tabindex="0" role="button">
                                                    <div class="discount price with-unit-price ">
                                                                            <div class="paldies-card-icon with-unit-price">
                        <img src="/images/front/icons/paldies2-icon.png" alt="Paldies">
                    </div>
                                                                
                    <div class="t1 with-unit-price paldies-card">
            <span class="value">1</span>
            <span class="cents">29</span>
            <span class="eur">€</span>
            <span class="unit-price">15,54 €/kg</span>
        </div>
                    <div class="t2">
                <span class="value">2,15</span>
                <span class="eur">€</span>
            </div>
            <div class="t3 with-unit-price">
                <span class="value">2</span>
                <span class="cents">15</span>
                <span class="eur">€</span>
                <span class="unit-price">25,90 €/kg</span>            </div>
            
    <span class="vline"></span>
</div>                    		
        
        
        <div class="tags tags_primary bottom_icons">
                                                            
                                <div data-alt="Atlaide ar PALDIES karti" class="tag tag-soap-2 " style="background-image: url('/uploads/sale/atlaide-ar-paldies-karti-7358.png');                     ">
                </div>
                                                                            
                                <div data-alt="Saldēts produkts" class="tag tag-soap-11 " style="background-image: url('/uploads/sale/saldets-produkts-4932.png');                     ">
                </div>
                            
                    </div>
        <div class="tags tags_primary info_icon">
            

        </div>

        <div class="info-notice">
            


                                                                            </div>

        <div class="img">
          <img alt="Saldējums ar mandelēm MAGNUM, 83 g" src="/uploads/sale/2026/sales_page/02/09//saldejums-ar-mandelem-magnum-00185-0209103048.png?1770625848">
        </div>
        <div class="text paldies-card      ">
            <div class="title">Saldējums ar mandelēm MAGNUM, 83 g</div>
            <div class="pack">
                <span class="ptitle"></span>
                <span class="price"> 25,90 €/kg</span>
            </div>
                    </div>
        <div class="infopop">
            <div class="in"><span></span>
                <div class="arrow_top"></div>
                <div class="arrow_bottom"></div>
            </div>
        </div>
    </div>
</div><div class="col-third offer-item">
    <div class="item bl_shadow product-243112 paldies-card custom-card offer-2-l-sp-sku units-price        product-border-edlp" data-product-id="243112" data-timeout="5" data-dates-interval="10.02. - 16.02.2026." tabindex="0" role="button">
                                                    <div class="discount price zilacena with-unit-price ">
            <div class="paldies-card-icon with-unit-price round-borders">
        <div class="t1-bg"></div>
        <img src="/images/front/sale/icons/zilacena.png" alt="Pastāvīgi izdevīga cena">
    </div>

    <div class="t1 with-unit-price paldies-card round-borders ">
        <span class="value">3</span>
        <span class="cents">99</span>
        <span class="eur">€</span>
        <span class="unit-price">11,40 €/kg</span>
    </div>

    
    <span class="vline"></span>
</div>                    		
        
        
        <div class="tags tags_primary bottom_icons">
                                                            
                                <div data-alt="Latvijas produkts" class="tag tag-soap-6 " style="background-image: url('/uploads/sale/latvijas-produkts-3559.png');                     ">
                </div>
                                                                            
                                <div data-alt="Meistara marka" class="tag tag-soap-7 " style="background-image: url('/uploads/sale/meistara-marka-7362.png');                     ">
                </div>
                                                                            
                                <div data-alt="Pastāvīgi izdevīga cena" class="tag tag-soap-61 " style="background-image: url('/uploads/sale/pastavigi-izdeviga-cena-3394.png');                     ">
                </div>
                            
                    </div>
        <div class="tags tags_primary info_icon">
            

        </div>

        <div class="info-notice">
            


                                                                                                        </div>

        <div class="img">
          <img alt="Kūka ar ķiršiem, 350 g" src="/uploads/sale/2026/sales_page/02/09//kuka-ar-kirsiem-00231-0209103025.png?1770625825">
        </div>
        <div class="text  custom-card icon-61     ">
            <div class="title">Kūka ar ķiršiem, 350 g</div>
            <div class="pack">
                <span class="ptitle"></span>
                <span class="price"> </span>
            </div>
                    </div>
        <div class="infopop">
            <div class="in"><span></span>
                <div class="arrow_top"></div>
                <div class="arrow_bottom"></div>
            </div>
        </div>
    </div>
</div><div class="col-third offer-item">
    <div class="item bl_shadow product-243113 paldies-card custom-card offer-2-l-sp-sku units-price        product-border-edlp" data-product-id="243113" data-timeout="5" data-dates-interval="10.02. - 16.02.2026." tabindex="0" role="button">
                                                    <div class="discount price zilacena with-unit-price ">
            <div class="paldies-card-icon with-unit-price round-borders">
        <div class="t1-bg"></div>
        <img src="/images/front/sale/icons/zilacena.png" alt="Pastāvīgi izdevīga cena">
    </div>

    <div class="t1 with-unit-price paldies-card round-borders two-digts">
        <span class="value">12</span>
        <span class="cents">99</span>
        <span class="eur">€</span>
        <span class="unit-price">11,81 €/kg</span>
    </div>

    
    <span class="vline"></span>
</div>                    		
        
        
        <div class="tags tags_primary bottom_icons">
                                                            
                                <div data-alt="Latvijas produkts" class="tag tag-soap-6 " style="background-image: url('/uploads/sale/latvijas-produkts-3559.png');                     ">
                </div>
                                                                            
                                <div data-alt="Meistara marka" class="tag tag-soap-7 " style="background-image: url('/uploads/sale/meistara-marka-7362.png');                     ">
                </div>
                                                                            
                                <div data-alt="Pastāvīgi izdevīga cena" class="tag tag-soap-61 " style="background-image: url('/uploads/sale/pastavigi-izdeviga-cena-3394.png');                     ">
                </div>
                            
                    </div>
        <div class="tags tags_primary info_icon">
            

        </div>

        <div class="info-notice">
            


                                                                                                        </div>

        <div class="img">
          <img alt="Torte BANĀNU-BIEZPIEN, 1,1 kg" src="/uploads/sale/2026/sales_page/02/09//torte-bananu-biezpien-00232-0209103025.png?1770625825">
        </div>
        <div class="text  custom-card icon-61     ">
            <div class="title">Torte BANĀNU-BIEZPIEN, 1,1 kg</div>
            <div class="pack">
                <span class="ptitle"></span>
                <span class="price"> </span>
            </div>
                    </div>
        <div class="infopop">
            <div class="in"><span></span>
                <div class="arrow_top"></div>
                <div class="arrow_bottom"></div>
            </div>
        </div>
    </div>
</div><div class="col-third offer-item">
    <div class="item bl_shadow product-243114 paldies-card custom-card offer-2-l-sp-sku units-price        product-border-edlp" data-product-id="243114" data-timeout="5" data-dates-interval="10.02. - 16.02.2026." tabindex="0" role="button">
                                                    <div class="discount price zilacena with-unit-price ">
            <div class="paldies-card-icon with-unit-price round-borders">
        <div class="t1-bg"></div>
        <img src="/images/front/sale/icons/zilacena.png" alt="Pastāvīgi izdevīga cena">
    </div>

    <div class="t1 with-unit-price paldies-card round-borders ">
        <span class="value">1</span>
        <span class="cents">99</span>
        <span class="eur">€</span>
        <span class="unit-price">16,58 €/kg</span>
    </div>

    
    <span class="vline"></span>
</div>                    		
        
        
        <div class="tags tags_primary bottom_icons">
                                                            
                                <div data-alt="Latvijas produkts" class="tag tag-soap-6 " style="background-image: url('/uploads/sale/latvijas-produkts-3559.png');                     ">
                </div>
                                                                            
                                <div data-alt="Meistara marka" class="tag tag-soap-7 " style="background-image: url('/uploads/sale/meistara-marka-7362.png');                     ">
                </div>
                                                                            
                                <div data-alt="Pastāvīgi izdevīga cena" class="tag tag-soap-61 " style="background-image: url('/uploads/sale/pastavigi-izdeviga-cena-3394.png');                     ">
                </div>
                            
                    </div>
        <div class="tags tags_primary info_icon">
            

        </div>

        <div class="info-notice">
            


                                                                                                        </div>

        <div class="img">
          <img alt="Eklēri ar karameļu krēmu, 1 iepak./2x 60 g" src="/uploads/sale/2026/sales_page/02/09//ekleri-ar-karamelu-kremu-00233-0209103025.png?1770625825">
        </div>
        <div class="text  custom-card icon-61     ">
            <div class="title">Eklēri ar karameļu krēmu, 1 iepak./2x 60 g</div>
            <div class="pack">
                <span class="ptitle"></span>
                <span class="price"> </span>
            </div>
                    </div>
        <div class="infopop">
            <div class="in"><span></span>
                <div class="arrow_top"></div>
                <div class="arrow_bottom"></div>
            </div>
        </div>
    </div>
</div><div class="col-third offer-item">
    <div class="item bl_shadow product-243115   offer-2-l-sp-sku units-price        " data-product-id="243115" data-timeout="5" data-dates-interval="10.02. - 16.02.2026." tabindex="0" role="button">
                                                    <div class="discount price with-unit-price ">
                                                                                        <div class="bottom-icon with-unit-price">
                                    <span class="bottom-icon-item icon-51 " style="background-image: url('/uploads/sale/zemo-ceno-grozs-9876.png')" data-code="500">
                                                    <span class="sign">-</span>
                            <span class="value">20</span>
                            <span class="per">%</span>
                                            </span>
                            </div>
            
                    <div class="t1 with-unit-price ">
            <span class="value">1</span>
            <span class="cents">59</span>
            <span class="eur">€</span>
            <span class="unit-price">14,45 €/kg</span>
        </div>
                    <div class="t2">
                <span class="value">1,99</span>
                <span class="eur">€</span>
            </div>
            <div class="t3 ">
                <span class="value">1</span>
                <span class="cents">99</span>
                <span class="eur">€</span>
                            </div>
            
    <span class="vline"></span>
</div>                    		
        
        
        <div class="tags tags_primary bottom_icons">
                                                            
                                <div data-alt="Latvijas produkts" class="tag tag-soap-6 " style="background-image: url('/uploads/sale/latvijas-produkts-3559.png');                     ">
                </div>
                                                                            
                                <div data-alt="Meistara marka" class="tag tag-soap-7 " style="background-image: url('/uploads/sale/meistara-marka-7362.png');                     ">
                </div>
                                            
                    </div>
        <div class="tags tags_primary info_icon">
            
    <div data-alt="Prece pieejama 10.02. - 16.02." class="tag i"></div>

        </div>

        <div class="info-notice">
            


                                                                                                        </div>

        <div class="img">
          <img alt="Deserts PISTĀCIJU TIRAMISU, 110 g" src="/uploads/sale/2026/sales_page/02/09//deserts-pistaciju-tiramisu-00234-0209103025.png?1770625825">
        </div>
        <div class="text       ">
            <div class="title">Deserts PISTĀCIJU TIRAMISU, 110 g</div>
            <div class="pack">
                <span class="ptitle"></span>
                <span class="price"> </span>
            </div>
                    </div>
        <div class="infopop">
            <div class="in"><span></span>
                <div class="arrow_top"></div>
                <div class="arrow_bottom"></div>
            </div>
        </div>
    </div>
</div><div class="col-third offer-item">
    <div class="item bl_shadow product-243116   offer-2-l-sp-sku units-price        " data-product-id="243116" data-timeout="5" data-dates-interval="10.02. - 16.02.2026." tabindex="0" role="button">
                                                    <div class="discount price with-unit-price ">
                                                                                        <div class="bottom-icon with-unit-price">
                                    
                    <span class="bottom-icon-item bottom-icon-image icon-45" style="background-image: url('/uploads/sale/tikai-new.svg?v3')" data-code="400"></span>
                            </div>
            
                    <div class="t1 with-unit-price ">
            <span class="value">2</span>
            <span class="cents">19</span>
            <span class="eur">€</span>
            <span class="unit-price">5,48 €/kg</span>
        </div>
                    <div class="t2">
                <span class="value">2,39</span>
                <span class="eur">€</span>
            </div>
            <div class="t3 ">
                <span class="value">2</span>
                <span class="cents">39</span>
                <span class="eur">€</span>
                            </div>
            
    <span class="vline"></span>
</div>                    		
        
        
        <div class="tags tags_primary bottom_icons">
                                                            
                                <div data-alt="Latvijas produkts" class="tag tag-soap-6 " style="background-image: url('/uploads/sale/latvijas-produkts-3559.png');                     ">
                </div>
                                                                            
                                <div data-alt="Meistara marka" class="tag tag-soap-7 " style="background-image: url('/uploads/sale/meistara-marka-7362.png');                     ">
                </div>
                                            
                    </div>
        <div class="tags tags_primary info_icon">
            
    <div data-alt="Prece pieejama 10.02. - 16.02." class="tag i"></div>

        </div>

        <div class="info-notice">
            


                                                                                                        </div>

        <div class="img">
          <img alt="Frikadeļu zupa, 400 g" src="/uploads/sale/2026/sales_page/02/09//frikadelu-zupa-00235-0209103025.png?1770625825">
        </div>
        <div class="text       ">
            <div class="title">Frikadeļu zupa, 400 g</div>
            <div class="pack">
                <span class="ptitle"></span>
                <span class="price"> </span>
            </div>
                    </div>
        <div class="infopop">
            <div class="in"><span></span>
                <div class="arrow_top"></div>
                <div class="arrow_bottom"></div>
            </div>
        </div>
    </div>
</div><div class="col-third offer-item">
    <div class="item bl_shadow product-243097 paldies-card custom-card offer-2-l-sp-sku units-price        product-border-edlp" data-product-id="243097" data-timeout="5" data-dates-interval="10.02. - 16.02.2026." tabindex="0" role="button">
                                                    <div class="discount price zilacena with-unit-price ">
            <div class="paldies-card-icon with-unit-price round-borders">
        <div class="t1-bg"></div>
        <img src="/images/front/sale/icons/zilacena.png" alt="Pastāvīgi izdevīga cena">
    </div>

    <div class="t1 with-unit-price paldies-card round-borders ">
        <span class="value">2</span>
        <span class="cents">99</span>
        <span class="eur">€</span>
        <span class="unit-price">5,98 €/kg</span>
    </div>

    
    <span class="vline"></span>
</div>                    		
        
        
        <div class="tags tags_primary bottom_icons">
                                                            
                                <div data-alt="Latvijas produkts" class="tag tag-soap-6 " style="background-image: url('/uploads/sale/latvijas-produkts-3559.png');                     ">
                </div>
                                                                            
                                <div data-alt="Meistara marka" class="tag tag-soap-7 " style="background-image: url('/uploads/sale/meistara-marka-7362.png');                     ">
                </div>
                                                                            
                                <div data-alt="Pastāvīgi izdevīga cena" class="tag tag-soap-61 " style="background-image: url('/uploads/sale/pastavigi-izdeviga-cena-3394.png');                     ">
                </div>
                            
                    </div>
        <div class="tags tags_primary info_icon">
            

        </div>

        <div class="info-notice">
            


                                                                                                        </div>

        <div class="img">
          <img alt="Rasols ar desu, 500 g" src="/uploads/sale/2026/sales_page/02/09//rasols-ar-desu-00236-0209103023.png?1770625823">
        </div>
        <div class="text  custom-card icon-61     ">
            <div class="title">Rasols ar desu, 500 g</div>
            <div class="pack">
                <span class="ptitle"></span>
                <span class="price"> </span>
            </div>
                    </div>
        <div class="infopop">
            <div class="in"><span></span>
                <div class="arrow_top"></div>
                <div class="arrow_bottom"></div>
            </div>
        </div>
    </div>
</div><div class="col-third offer-item">
    <div class="item bl_shadow product-243098   offer-2-l-sp-sku units-price        " data-product-id="243098" data-timeout="5" data-dates-interval="10.02. - 16.02.2026." tabindex="0" role="button">
                                                    <div class="discount price with-unit-price ">
                                                                                        <div class="bottom-icon with-unit-price">
                                    
                    <span class="bottom-icon-item bottom-icon-image icon-45" style="background-image: url('/uploads/sale/tikai-new.svg?v3')" data-code="400"></span>
                            </div>
            
                    <div class="t1 with-unit-price ">
            <span class="value">1</span>
            <span class="cents">69</span>
            <span class="eur">€</span>
            <span class="unit-price">8,45 €/kg</span>
        </div>
                    <div class="t2">
                <span class="value">1,99</span>
                <span class="eur">€</span>
            </div>
            <div class="t3 ">
                <span class="value">1</span>
                <span class="cents">99</span>
                <span class="eur">€</span>
                            </div>
            
    <span class="vline"></span>
</div>                    		
        
        
        <div class="tags tags_primary bottom_icons">
                                                            
                                <div data-alt="Latvijas produkts" class="tag tag-soap-6 " style="background-image: url('/uploads/sale/latvijas-produkts-3559.png');                     ">
                </div>
                                                                            
                                <div data-alt="Meistara marka" class="tag tag-soap-7 " style="background-image: url('/uploads/sale/meistara-marka-7362.png');                     ">
                </div>
                                            
                    </div>
        <div class="tags tags_primary info_icon">
            
    <div data-alt="Prece pieejama 10.02. - 16.02." class="tag i"></div>

        </div>

        <div class="info-notice">
            


                                                                                                        </div>

        <div class="img">
          <img alt="Siera salāti ar burkāniem, 200 g" src="/uploads/sale/2026/sales_page/02/09//siera-salati-ar-burkaniem-00237-0209103023.png?1770625823">
        </div>
        <div class="text       ">
            <div class="title">Siera salāti ar burkāniem, 200 g</div>
            <div class="pack">
                <span class="ptitle"></span>
                <span class="price"> </span>
            </div>
                    </div>
        <div class="infopop">
            <div class="in"><span></span>
                <div class="arrow_top"></div>
                <div class="arrow_bottom"></div>
            </div>
        </div>
    </div>
</div><div class="col-third offer-item">
    <div class="item bl_shadow product-243099   offer-2-l-sp-sku units-price        " data-product-id="243099" data-timeout="5" data-dates-interval="10.02. - 16.02.2026." tabindex="0" role="button">
                                                    <div class="discount price with-unit-price ">
                                                                                                                                                        <div class="bottom-icon with-unit-price">
                                    
                    <span class="bottom-icon-item bottom-icon-image icon-45" style="background-image: url('/uploads/sale/tikai-new.svg?v3')" data-code="400"></span>
                            </div>
            
                    <div class="t1 with-unit-price ">
            <span class="value">4</span>
            <span class="cents">49</span>
            <span class="eur">€</span>
            <span class="unit-price">9,98 €/kg</span>
        </div>
                    <div class="t2">
                <span class="value">5,49</span>
                <span class="eur">€</span>
            </div>
            <div class="t3 ">
                <span class="value">5</span>
                <span class="cents">49</span>
                <span class="eur">€</span>
                            </div>
            
    <span class="vline"></span>
</div>                    		
        
        
        <div class="tags tags_primary bottom_icons">
                                                            
                                <div data-alt="Prece pieejama MAXIMA XX veikalos" class="tag tag-soap-3 tag-shops" style="background-image: url('/uploads/sale/piedavajums-speka-maxima-xx-veikalos-6057.png');                     ">
                </div>
                                                                            
                                <div data-alt="Prece pieejama MAXIMA XXX veikalos" class="tag tag-soap-4 tag-shops" style="background-image: url('/uploads/sale/piedavajums-speka-maxima-xxx-veikalos-3117.png');                     ">
                </div>
                                                                            
                                <div data-alt="Latvijas produkts" class="tag tag-soap-6 " style="background-image: url('/uploads/sale/latvijas-produkts-3559.png');                     ">
                </div>
                                                                            
                                <div data-alt="Meistara marka" class="tag tag-soap-7 " style="background-image: url('/uploads/sale/meistara-marka-7362.png');                     ">
                </div>
                                            
                    </div>
        <div class="tags tags_primary info_icon">
            
    <div data-alt="Prece pieejama 10.02. - 16.02." class="tag i"></div>

        </div>

        <div class="info-notice">
            


                                                                                                                                                                </div>

        <div class="img">
          <img alt="Tunzivs un kūpināta laša salāti, 450 g" src="/uploads/sale/2026/sales_page/02/09//tunzivs-un-kupinata-lasa-salati-00238-0209103023.png?1770625823">
        </div>
        <div class="text       ">
            <div class="title">Tunzivs un kūpināta laša salāti, 450 g</div>
            <div class="pack">
                <span class="ptitle"></span>
                <span class="price"> </span>
            </div>
                    </div>
        <div class="infopop">
            <div class="in"><span></span>
                <div class="arrow_top"></div>
                <div class="arrow_bottom"></div>
            </div>
        </div>
    </div>
</div><div class="col-third offer-item">
    <div class="item bl_shadow product-243100   offer-2-l-sp-sku units-price        " data-product-id="243100" data-timeout="5" data-dates-interval="10.02. - 16.02.2026." tabindex="0" role="button">
                                                    <div class="discount price with-unit-price ">
                                                                                        <div class="bottom-icon with-unit-price">
                                    
                    <span class="bottom-icon-item bottom-icon-image icon-45" style="background-image: url('/uploads/sale/tikai-new.svg?v3')" data-code="400"></span>
                            </div>
            
                    <div class="t1 with-unit-price ">
            <span class="value">2</span>
            <span class="cents">99</span>
            <span class="eur">€</span>
            <span class="unit-price">9,97 €/kg</span>
        </div>
                    <div class="t2">
                <span class="value">3,49</span>
                <span class="eur">€</span>
            </div>
            <div class="t3 ">
                <span class="value">3</span>
                <span class="cents">49</span>
                <span class="eur">€</span>
                            </div>
            
    <span class="vline"></span>
</div>                    		
        
        
        <div class="tags tags_primary bottom_icons">
                                                            
                                <div data-alt="Latvijas produkts" class="tag tag-soap-6 " style="background-image: url('/uploads/sale/latvijas-produkts-3559.png');                     ">
                </div>
                                                                            
                                <div data-alt="Meistara marka" class="tag tag-soap-7 " style="background-image: url('/uploads/sale/meistara-marka-7362.png');                     ">
                </div>
                                            
                    </div>
        <div class="tags tags_primary info_icon">
            
    <div data-alt="Prece pieejama 10.02. - 16.02." class="tag i"></div>

        </div>

        <div class="info-notice">
            


                                                                                                        </div>

        <div class="img">
          <img alt="Zaļie salāti ar tunzivi, 300 g" src="/uploads/sale/2026/sales_page/02/09//zalie-salati-ar-tunzivi-00239-0209103023.png?1770625823">
        </div>
        <div class="text       ">
            <div class="title">Zaļie salāti ar tunzivi, 300 g</div>
            <div class="pack">
                <span class="ptitle"></span>
                <span class="price"> </span>
            </div>
                    </div>
        <div class="infopop">
            <div class="in"><span></span>
                <div class="arrow_top"></div>
                <div class="arrow_bottom"></div>
            </div>
        </div>
    </div>
</div><div class="col-third offer-item">
    <div class="item bl_shadow product-243101   offer-2-l-sp-sku units-price        " data-product-id="243101" data-timeout="5" data-dates-interval="10.02. - 16.02.2026." tabindex="0" role="button">
                                                    <div class="discount price with-unit-price ">
                                                                                        <div class="bottom-icon with-unit-price">
                                    
                    <span class="bottom-icon-item bottom-icon-image icon-45" style="background-image: url('/uploads/sale/tikai-new.svg?v3')" data-code="400"></span>
                            </div>
            
                    <div class="t1 with-unit-price ">
            <span class="value">2</span>
            <span class="cents">79</span>
            <span class="eur">€</span>
            <span class="unit-price">12,68 €/kg</span>
        </div>
                    <div class="t2">
                <span class="value">3,29</span>
                <span class="eur">€</span>
            </div>
            <div class="t3 ">
                <span class="value">3</span>
                <span class="cents">29</span>
                <span class="eur">€</span>
                            </div>
            
    <span class="vline"></span>
</div>                    		
        
        
        <div class="tags tags_primary bottom_icons">
                                                            
                                <div data-alt="Latvijas produkts" class="tag tag-soap-6 " style="background-image: url('/uploads/sale/latvijas-produkts-3559.png');                     ">
                </div>
                                                                            
                                <div data-alt="Meistara marka" class="tag tag-soap-7 " style="background-image: url('/uploads/sale/meistara-marka-7362.png');                     ">
                </div>
                                            
                    </div>
        <div class="tags tags_primary info_icon">
            
    <div data-alt="Prece pieejama 10.02. - 16.02." class="tag i"></div>

        </div>

        <div class="info-notice">
            


                                                                                                        </div>

        <div class="img">
          <img alt="Vraps ar Cēzara salātiem, 220 g" src="/uploads/sale/2026/sales_page/02/09//vraps-ar-cezara-salatiem-00240-0209103023.png?1770625823">
        </div>
        <div class="text       ">
            <div class="title">Vraps ar Cēzara salātiem, 220 g</div>
            <div class="pack">
                <span class="ptitle"></span>
                <span class="price"> </span>
            </div>
                    </div>
        <div class="infopop">
            <div class="in"><span></span>
                <div class="arrow_top"></div>
                <div class="arrow_bottom"></div>
            </div>
        </div>
    </div>
</div><div class="col-third offer-item">
    <div class="item bl_shadow product-243102   offer-2-l-sp-sku units-price        " data-product-id="243102" data-timeout="5" data-dates-interval="10.02. - 16.02.2026." tabindex="0" role="button">
                                                    <div class="discount price with-unit-price ">
                                                        <div class="bottom-icon with-unit-price">
                                    
                    <span class="bottom-icon-item bottom-icon-image icon-45" style="background-image: url('/uploads/sale/tikai-new.svg?v3')" data-code="400"></span>
                            </div>
            
                    <div class="t1 with-unit-price ">
            <span class="value">2</span>
            <span class="cents">09</span>
            <span class="eur">€</span>
            <span class="unit-price">10,45 €/kg</span>
        </div>
                    <div class="t2">
                <span class="value">2,59</span>
                <span class="eur">€</span>
            </div>
            <div class="t3 ">
                <span class="value">2</span>
                <span class="cents">59</span>
                <span class="eur">€</span>
                            </div>
            
    <span class="vline"></span>
</div>                    		
        
        
        <div class="tags tags_primary bottom_icons">
                                                            
                                <div data-alt="Meistara marka" class="tag tag-soap-7 " style="background-image: url('/uploads/sale/meistara-marka-7362.png');                     ">
                </div>
                                            
                    </div>
        <div class="tags tags_primary info_icon">
            
    <div data-alt="Prece pieejama 10.02. - 16.02." class="tag i"></div>

        </div>

        <div class="info-notice">
            


                                                                            </div>

        <div class="img">
          <img alt="Vistas gaļas kotletes, 1 iepak./2x 100 g" src="/uploads/sale/2026/sales_page/02/09//vistas-galas-kotletes-00241-0209103023.png?1770625823">
        </div>
        <div class="text       ">
            <div class="title">Vistas gaļas kotletes, 1 iepak./2x 100 g</div>
            <div class="pack">
                <span class="ptitle"></span>
                <span class="price"> </span>
            </div>
                    </div>
        <div class="infopop">
            <div class="in"><span></span>
                <div class="arrow_top"></div>
                <div class="arrow_bottom"></div>
            </div>
        </div>
    </div>
</div><div class="col-third offer-item">
    <div class="item bl_shadow product-243103   offer-2-l-sp-sku units-price        " data-product-id="243103" data-timeout="5" data-dates-interval="10.02. - 16.02.2026." tabindex="0" role="button">
                                                    <div class="discount price with-unit-price ">
                                                                                        <div class="bottom-icon with-unit-price">
                                    
                    <span class="bottom-icon-item bottom-icon-image icon-45" style="background-image: url('/uploads/sale/tikai-new.svg?v3')" data-code="400"></span>
                            </div>
            
                    <div class="t1 with-unit-price ">
            <span class="value">1</span>
            <span class="cents">29</span>
            <span class="eur">€</span>
            <span class="unit-price">6,45 €/kg</span>
        </div>
                    <div class="t2">
                <span class="value">1,59</span>
                <span class="eur">€</span>
            </div>
            <div class="t3 ">
                <span class="value">1</span>
                <span class="cents">59</span>
                <span class="eur">€</span>
                            </div>
            
    <span class="vline"></span>
</div>                    		
        
        
        <div class="tags tags_primary bottom_icons">
                                                            
                                <div data-alt="Latvijas produkts" class="tag tag-soap-6 " style="background-image: url('/uploads/sale/latvijas-produkts-3559.png');                     ">
                </div>
                                                                            
                                <div data-alt="Meistara marka" class="tag tag-soap-7 " style="background-image: url('/uploads/sale/meistara-marka-7362.png');                     ">
                </div>
                                            
                    </div>
        <div class="tags tags_primary info_icon">
            
    <div data-alt="Prece pieejama 10.02. - 16.02." class="tag i"></div>

        </div>

        <div class="info-notice">
            


                                                                                                        </div>

        <div class="img">
          <img alt="Makaronu salāti, 200 g" src="/uploads/sale/2026/sales_page/02/09//makaronu-salati-00242-0209103023.png?1770625823">
        </div>
        <div class="text       ">
            <div class="title">Makaronu salāti, 200 g</div>
            <div class="pack">
                <span class="ptitle"></span>
                <span class="price"> </span>
            </div>
                    </div>
        <div class="infopop">
            <div class="in"><span></span>
                <div class="arrow_top"></div>
                <div class="arrow_bottom"></div>
            </div>
        </div>
    </div>
</div><div class="col-third offer-item">
    <div class="item bl_shadow product-243104   offer-2-l-sp-sku units-price        " data-product-id="243104" data-timeout="5" data-dates-interval="10.02. - 16.02.2026." tabindex="0" role="button">
                                                    <div class="discount price with-unit-price ">
                                                                                                                                                        <div class="bottom-icon with-unit-price">
                                    
                    <span class="bottom-icon-item bottom-icon-image icon-45" style="background-image: url('/uploads/sale/tikai-new.svg?v3')" data-code="400"></span>
                            </div>
            
                    <div class="t1 with-unit-price ">
            <span class="value">2</span>
            <span class="cents">99</span>
            <span class="eur">€</span>
            <span class="unit-price">8,54 €/kg</span>
        </div>
                    <div class="t2">
                <span class="value">3,59</span>
                <span class="eur">€</span>
            </div>
            <div class="t3 ">
                <span class="value">3</span>
                <span class="cents">59</span>
                <span class="eur">€</span>
                            </div>
            
    <span class="vline"></span>
</div>                    		
        
        
        <div class="tags tags_primary bottom_icons">
                                                            
                                <div data-alt="Prece pieejama MAXIMA XX veikalos" class="tag tag-soap-3 tag-shops" style="background-image: url('/uploads/sale/piedavajums-speka-maxima-xx-veikalos-6057.png');                     ">
                </div>
                                                                            
                                <div data-alt="Prece pieejama MAXIMA XXX veikalos" class="tag tag-soap-4 tag-shops" style="background-image: url('/uploads/sale/piedavajums-speka-maxima-xxx-veikalos-3117.png');                     ">
                </div>
                                                                            
                                <div data-alt="Latvijas produkts" class="tag tag-soap-6 " style="background-image: url('/uploads/sale/latvijas-produkts-3559.png');                     ">
                </div>
                                                                            
                                <div data-alt="Meistara marka" class="tag tag-soap-7 " style="background-image: url('/uploads/sale/meistara-marka-7362.png');                     ">
                </div>
                                            
                    </div>
        <div class="tags tags_primary info_icon">
            
    <div data-alt="Prece pieejama 10.02. - 16.02." class="tag i"></div>

        </div>

        <div class="info-notice">
            


                                                                                                                                                                </div>

        <div class="img">
          <img alt="Kartupeļu sacepums ar gaļu, 350 g" src="/uploads/sale/2026/sales_page/02/09//kartupelu-sacepums-ar-galu-00243-0209103023.png?1770625823">
        </div>
        <div class="text       ">
            <div class="title">Kartupeļu sacepums ar gaļu, 350 g</div>
            <div class="pack">
                <span class="ptitle"></span>
                <span class="price"> </span>
            </div>
                    </div>
        <div class="infopop">
            <div class="in"><span></span>
                <div class="arrow_top"></div>
                <div class="arrow_bottom"></div>
            </div>
        </div>
    </div>
</div><div class="col-third offer-item">
    <div class="item bl_shadow product-243105   offer-2-l-sp-sku units-price        " data-product-id="243105" data-timeout="5" data-dates-interval="10.02. - 16.02.2026." tabindex="0" role="button">
                                                    <div class="discount price with-unit-price ">
                                                                                        <div class="bottom-icon with-unit-price">
                                    
                    <span class="bottom-icon-item bottom-icon-image icon-45" style="background-image: url('/uploads/sale/tikai-new.svg?v3')" data-code="400"></span>
                            </div>
            
                    <div class="t1 with-unit-price ">
            <span class="value">2</span>
            <span class="cents">69</span>
            <span class="eur">€</span>
            <span class="unit-price">7,69 €/kg</span>
        </div>
                    <div class="t2">
                <span class="value">2,99</span>
                <span class="eur">€</span>
            </div>
            <div class="t3 ">
                <span class="value">2</span>
                <span class="cents">99</span>
                <span class="eur">€</span>
                            </div>
            
    <span class="vline"></span>
</div>                    		
        
        
        <div class="tags tags_primary bottom_icons">
                                                            
                                <div data-alt="Latvijas produkts" class="tag tag-soap-6 " style="background-image: url('/uploads/sale/latvijas-produkts-3559.png');                     ">
                </div>
                                                                            
                                <div data-alt="Meistara marka" class="tag tag-soap-7 " style="background-image: url('/uploads/sale/meistara-marka-7362.png');                     ">
                </div>
                                            
                    </div>
        <div class="tags tags_primary info_icon">
            
    <div data-alt="Prece pieejama 10.02. - 16.02." class="tag i"></div>

        </div>

        <div class="info-notice">
            


                                                                                                        </div>

        <div class="img">
          <img alt="Cūkgaļas plovs, 350 g" src="/uploads/sale/2026/sales_page/02/09//cukgalas-plovs-00244-0209103023.png?1770625823">
        </div>
        <div class="text       ">
            <div class="title">Cūkgaļas plovs, 350 g</div>
            <div class="pack">
                <span class="ptitle"></span>
                <span class="price"> </span>
            </div>
                    </div>
        <div class="infopop">
            <div class="in"><span></span>
                <div class="arrow_top"></div>
                <div class="arrow_bottom"></div>
            </div>
        </div>
    </div>
</div><div class="col-third offer-item">
    <div class="item bl_shadow product-243106   offer-2-l-pd-sku         " data-product-id="243106" data-timeout="5" data-dates-interval="10.02. - 16.02.2026." tabindex="0" role="button">
                                                    <div class="discount percents">
                                                                                                            <div class="percents_wrapper">
        <span class="sign">-</span><span class="value">20</span><span class="per">%</span>
    </div>
    <span class="vline"></span>
</div>                    		
        
        
        <div class="tags tags_primary bottom_icons">
                                                            
                                <div data-alt="Prece pieejama MAXIMA XX veikalos" class="tag tag-soap-3 tag-shops" style="background-image: url('/uploads/sale/piedavajums-speka-maxima-xx-veikalos-6057.png');                     ">
                </div>
                                                                            
                                <div data-alt="Prece pieejama MAXIMA XXX veikalos" class="tag tag-soap-4 tag-shops" style="background-image: url('/uploads/sale/piedavajums-speka-maxima-xxx-veikalos-3117.png');                     ">
                </div>
                                                                            
                                <div data-alt="Latvijas produkts" class="tag tag-soap-6 " style="background-image: url('/uploads/sale/latvijas-produkts-3559.png');                     ">
                </div>
                            
                    </div>
        <div class="tags tags_primary info_icon">
            
    <div data-alt="Cena pie preces norādīta ar atlaidi.&lt;br&gt;Prece pieejama 10.02. - 16.02." class="tag i"></div>

        </div>

        <div class="info-notice">
            


                                                                                                        </div>

        <div class="img">
          <img alt="Kulinārijas gaļas izstrādājumiem LIDO" src="/uploads/sale/2026/sales_page/02/09//kulinarijas-galas-izstradajumiem-lido-00245-0209103023.png?1770625823">
        </div>
        <div class="text   discount-type    ">
            <div class="title">Kulinārijas gaļas izstrādājumiem LIDO</div>
            <div class="pack">
                <span class="ptitle"></span>
                <span class="price"> </span>
            </div>
                    </div>
        <div class="infopop">
            <div class="in"><span></span>
                <div class="arrow_top"></div>
                <div class="arrow_bottom"></div>
            </div>
        </div>
    </div>
</div><div class="col-third offer-item">
    <div class="item bl_shadow product-243112 paldies-card custom-card offer-2-l-sp-sku units-price        product-border-edlp" data-product-id="243112" data-timeout="5" data-dates-interval="10.02. - 16.02.2026." tabindex="0" role="button">
                                                    <div class="discount price zilacena with-unit-price ">
            <div class="paldies-card-icon with-unit-price round-borders">
        <div class="t1-bg"></div>
        <img src="/images/front/sale/icons/zilacena.png" alt="Pastāvīgi izdevīga cena">
    </div>

    <div class="t1 with-unit-price paldies-card round-borders ">
        <span class="value">3</span>
        <span class="cents">99</span>
        <span class="eur">€</span>
        <span class="unit-price">11,40 €/kg</span>
    </div>

    
    <span class="vline"></span>
</div>                    		
        
        
        <div class="tags tags_primary bottom_icons">
                                                            
                                <div data-alt="Latvijas produkts" class="tag tag-soap-6 " style="background-image: url('/uploads/sale/latvijas-produkts-3559.png');                     ">
                </div>
                                                                            
                                <div data-alt="Meistara marka" class="tag tag-soap-7 " style="background-image: url('/uploads/sale/meistara-marka-7362.png');                     ">
                </div>
                                                                            
                                <div data-alt="Pastāvīgi izdevīga cena" class="tag tag-soap-61 " style="background-image: url('/uploads/sale/pastavigi-izdeviga-cena-3394.png');                     ">
                </div>
                            
                    </div>
        <div class="tags tags_primary info_icon">
            

        </div>

        <div class="info-notice">
            


                                                                                                        </div>

        <div class="img">
          <img alt="Kūka ar ķiršiem, 350 g" src="/uploads/sale/2026/sales_page/02/09//kuka-ar-kirsiem-00231-0209103025.png?1770625825">
        </div>
        <div class="text  custom-card icon-61     ">
            <div class="title">Kūka ar ķiršiem, 350 g</div>
            <div class="pack">
                <span class="ptitle"></span>
                <span class="price"> </span>
            </div>
                    </div>
        <div class="infopop">
            <div class="in"><span></span>
                <div class="arrow_top"></div>
                <div class="arrow_bottom"></div>
            </div>
        </div>
    </div>
</div><div class="col-third offer-item">
    <div class="item bl_shadow product-243113 paldies-card custom-card offer-2-l-sp-sku units-price        product-border-edlp" data-product-id="243113" data-timeout="5" data-dates-interval="10.02. - 16.02.2026." tabindex="0" role="button">
                                                    <div class="discount price zilacena with-unit-price ">
            <div class="paldies-card-icon with-unit-price round-borders">
        <div class="t1-bg"></div>
        <img src="/images/front/sale/icons/zilacena.png" alt="Pastāvīgi izdevīga cena">
    </div>

    <div class="t1 with-unit-price paldies-card round-borders two-digts">
        <span class="value">12</span>
        <span class="cents">99</span>
        <span class="eur">€</span>
        <span class="unit-price">11,81 €/kg</span>
    </div>

    
    <span class="vline"></span>
</div>                    		
        
        
        <div class="tags tags_primary bottom_icons">
                                                            
                                <div data-alt="Latvijas produkts" class="tag tag-soap-6 " style="background-image: url('/uploads/sale/latvijas-produkts-3559.png');                     ">
                </div>
                                                                            
                                <div data-alt="Meistara marka" class="tag tag-soap-7 " style="background-image: url('/uploads/sale/meistara-marka-7362.png');                     ">
                </div>
                                                                            
                                <div data-alt="Pastāvīgi izdevīga cena" class="tag tag-soap-61 " style="background-image: url('/uploads/sale/pastavigi-izdeviga-cena-3394.png');                     ">
                </div>
                            
                    </div>
        <div class="tags tags_primary info_icon">
            

        </div>

        <div class="info-notice">
            


                                                                                                        </div>

        <div class="img">
          <img alt="Torte BANĀNU-BIEZPIEN, 1,1 kg" src="/uploads/sale/2026/sales_page/02/09//torte-bananu-biezpien-00232-0209103025.png?1770625825">
        </div>
        <div class="text  custom-card icon-61     ">
            <div class="title">Torte BANĀNU-BIEZPIEN, 1,1 kg</div>
            <div class="pack">
                <span class="ptitle"></span>
                <span class="price"> </span>
            </div>
                    </div>
        <div class="infopop">
            <div class="in"><span></span>
                <div class="arrow_top"></div>
                <div class="arrow_bottom"></div>
            </div>
        </div>
    </div>
</div><div class="col-third offer-item">
    <div class="item bl_shadow product-243114 paldies-card custom-card offer-2-l-sp-sku units-price        product-border-edlp" data-product-id="243114" data-timeout="5" data-dates-interval="10.02. - 16.02.2026." tabindex="0" role="button">
                                                    <div class="discount price zilacena with-unit-price ">
            <div class="paldies-card-icon with-unit-price round-borders">
        <div class="t1-bg"></div>
        <img src="/images/front/sale/icons/zilacena.png" alt="Pastāvīgi izdevīga cena">
    </div>

    <div class="t1 with-unit-price paldies-card round-borders ">
        <span class="value">1</span>
        <span class="cents">99</span>
        <span class="eur">€</span>
        <span class="unit-price">16,58 €/kg</span>
    </div>

    
    <span class="vline"></span>
</div>                    		
        
        
        <div class="tags tags_primary bottom_icons">
                                                            
                                <div data-alt="Latvijas produkts" class="tag tag-soap-6 " style="background-image: url('/uploads/sale/latvijas-produkts-3559.png');                     ">
                </div>
                                                                            
                                <div data-alt="Meistara marka" class="tag tag-soap-7 " style="background-image: url('/uploads/sale/meistara-marka-7362.png');                     ">
                </div>
                                                                            
                                <div data-alt="Pastāvīgi izdevīga cena" class="tag tag-soap-61 " style="background-image: url('/uploads/sale/pastavigi-izdeviga-cena-3394.png');                     ">
                </div>
                            
                    </div>
        <div class="tags tags_primary info_icon">
            

        </div>

        <div class="info-notice">
            


                                                                                                        </div>

        <div class="img">
          <img alt="Eklēri ar karameļu krēmu, 1 iepak./2x 60 g" src="/uploads/sale/2026/sales_page/02/09//ekleri-ar-karamelu-kremu-00233-0209103025.png?1770625825">
        </div>
        <div class="text  custom-card icon-61     ">
            <div class="title">Eklēri ar karameļu krēmu, 1 iepak./2x 60 g</div>
            <div class="pack">
                <span class="ptitle"></span>
                <span class="price"> </span>
            </div>
                    </div>
        <div class="infopop">
            <div class="in"><span></span>
                <div class="arrow_top"></div>
                <div class="arrow_bottom"></div>
            </div>
        </div>
    </div>
</div><div class="col-third offer-item">
    <div class="item bl_shadow product-243115   offer-2-l-sp-sku units-price        " data-product-id="243115" data-timeout="5" data-dates-interval="10.02. - 16.02.2026." tabindex="0" role="button">
                                                    <div class="discount price with-unit-price ">
                                                                                        <div class="bottom-icon with-unit-price">
                                    <span class="bottom-icon-item icon-51 " style="background-image: url('/uploads/sale/zemo-ceno-grozs-9876.png')" data-code="500">
                                                    <span class="sign">-</span>
                            <span class="value">20</span>
                            <span class="per">%</span>
                                            </span>
                            </div>
            
                    <div class="t1 with-unit-price ">
            <span class="value">1</span>
            <span class="cents">59</span>
            <span class="eur">€</span>
            <span class="unit-price">14,45 €/kg</span>
        </div>
                    <div class="t2">
                <span class="value">1,99</span>
                <span class="eur">€</span>
            </div>
            <div class="t3 ">
                <span class="value">1</span>
                <span class="cents">99</span>
                <span class="eur">€</span>
                            </div>
            
    <span class="vline"></span>
</div>                    		
        
        
        <div class="tags tags_primary bottom_icons">
                                                            
                                <div data-alt="Latvijas produkts" class="tag tag-soap-6 " style="background-image: url('/uploads/sale/latvijas-produkts-3559.png');                     ">
                </div>
                                                                            
                                <div data-alt="Meistara marka" class="tag tag-soap-7 " style="background-image: url('/uploads/sale/meistara-marka-7362.png');                     ">
                </div>
                                            
                    </div>
        <div class="tags tags_primary info_icon">
            
    <div data-alt="Prece pieejama 10.02. - 16.02." class="tag i"></div>

        </div>

        <div class="info-notice">
            


                                                                                                        </div>

        <div class="img">
          <img alt="Deserts PISTĀCIJU TIRAMISU, 110 g" src="/uploads/sale/2026/sales_page/02/09//deserts-pistaciju-tiramisu-00234-0209103025.png?1770625825">
        </div>
        <div class="text       ">
            <div class="title">Deserts PISTĀCIJU TIRAMISU, 110 g</div>
            <div class="pack">
                <span class="ptitle"></span>
                <span class="price"> </span>
            </div>
                    </div>
        <div class="infopop">
            <div class="in"><span></span>
                <div class="arrow_top"></div>
                <div class="arrow_bottom"></div>
            </div>
        </div>
    </div>
</div><div class="col-third offer-item">
    <div class="item bl_shadow product-243116   offer-2-l-sp-sku units-price        " data-product-id="243116" data-timeout="5" data-dates-interval="10.02. - 16.02.2026." tabindex="0" role="button">
                                                    <div class="discount price with-unit-price ">
                                                                                        <div class="bottom-icon with-unit-price">
                                    
                    <span class="bottom-icon-item bottom-icon-image icon-45" style="background-image: url('/uploads/sale/tikai-new.svg?v3')" data-code="400"></span>
                            </div>
            
                    <div class="t1 with-unit-price ">
            <span class="value">2</span>
            <span class="cents">19</span>
            <span class="eur">€</span>
            <span class="unit-price">5,48 €/kg</span>
        </div>
                    <div class="t2">
                <span class="value">2,39</span>
                <span class="eur">€</span>
            </div>
            <div class="t3 ">
                <span class="value">2</span>
                <span class="cents">39</span>
                <span class="eur">€</span>
                            </div>
            
    <span class="vline"></span>
</div>                    		
        
        
        <div class="tags tags_primary bottom_icons">
                                                            
                                <div data-alt="Latvijas produkts" class="tag tag-soap-6 " style="background-image: url('/uploads/sale/latvijas-produkts-3559.png');                     ">
                </div>
                                                                            
                                <div data-alt="Meistara marka" class="tag tag-soap-7 " style="background-image: url('/uploads/sale/meistara-marka-7362.png');                     ">
                </div>
                                            
                    </div>
        <div class="tags tags_primary info_icon">
            
    <div data-alt="Prece pieejama 10.02. - 16.02." class="tag i"></div>

        </div>

        <div class="info-notice">
            


                                                                                                        </div>

        <div class="img">
          <img alt="Frikadeļu zupa, 400 g" src="/uploads/sale/2026/sales_page/02/09//frikadelu-zupa-00235-0209103025.png?1770625825">
        </div>
        <div class="text       ">
            <div class="title">Frikadeļu zupa, 400 g</div>
            <div class="pack">
                <span class="ptitle"></span>
                <span class="price"> </span>
            </div>
                    </div>
        <div class="infopop">
            <div class="in"><span></span>
                <div class="arrow_top"></div>
                <div class="arrow_bottom"></div>
            </div>
        </div>
    </div>
</div><div class="col-third offer-item">
    <div class="item bl_shadow product-243097 paldies-card custom-card offer-2-l-sp-sku units-price        product-border-edlp" data-product-id="243097" data-timeout="5" data-dates-interval="10.02. - 16.02.2026." tabindex="0" role="button">
                                                    <div class="discount price zilacena with-unit-price ">
            <div class="paldies-card-icon with-unit-price round-borders">
        <div class="t1-bg"></div>
        <img src="/images/front/sale/icons/zilacena.png" alt="Pastāvīgi izdevīga cena">
    </div>

    <div class="t1 with-unit-price paldies-card round-borders ">
        <span class="value">2</span>
        <span class="cents">99</span>
        <span class="eur">€</span>
        <span class="unit-price">5,98 €/kg</span>
    </div>

    
    <span class="vline"></span>
</div>                    		
        
        
        <div class="tags tags_primary bottom_icons">
                                                            
                                <div data-alt="Latvijas produkts" class="tag tag-soap-6 " style="background-image: url('/uploads/sale/latvijas-produkts-3559.png');                     ">
                </div>
                                                                            
                                <div data-alt="Meistara marka" class="tag tag-soap-7 " style="background-image: url('/uploads/sale/meistara-marka-7362.png');                     ">
                </div>
                                                                            
                                <div data-alt="Pastāvīgi izdevīga cena" class="tag tag-soap-61 " style="background-image: url('/uploads/sale/pastavigi-izdeviga-cena-3394.png');                     ">
                </div>
                            
                    </div>
        <div class="tags tags_primary info_icon">
            

        </div>

        <div class="info-notice">
            


                                                                                                        </div>

        <div class="img">
          <img alt="Rasols ar desu, 500 g" src="/uploads/sale/2026/sales_page/02/09//rasols-ar-desu-00236-0209103023.png?1770625823">
        </div>
        <div class="text  custom-card icon-61     ">
            <div class="title">Rasols ar desu, 500 g</div>
            <div class="pack">
                <span class="ptitle"></span>
                <span class="price"> </span>
            </div>
                    </div>
        <div class="infopop">
            <div class="in"><span></span>
                <div class="arrow_top"></div>
                <div class="arrow_bottom"></div>
            </div>
        </div>
    </div>
</div><div class="col-third offer-item">
    <div class="item bl_shadow product-243098   offer-2-l-sp-sku units-price        " data-product-id="243098" data-timeout="5" data-dates-interval="10.02. - 16.02.2026." tabindex="0" role="button">
                                                    <div class="discount price with-unit-price ">
                                                                                        <div class="bottom-icon with-unit-price">
                                    
                    <span class="bottom-icon-item bottom-icon-image icon-45" style="background-image: url('/uploads/sale/tikai-new.svg?v3')" data-code="400"></span>
                            </div>
            
                    <div class="t1 with-unit-price ">
            <span class="value">1</span>
            <span class="cents">69</span>
            <span class="eur">€</span>
            <span class="unit-price">8,45 €/kg</span>
        </div>
                    <div class="t2">
                <span class="value">1,99</span>
                <span class="eur">€</span>
            </div>
            <div class="t3 ">
                <span class="value">1</span>
                <span class="cents">99</span>
                <span class="eur">€</span>
                            </div>
            
    <span class="vline"></span>
</div>                    		
        
        
        <div class="tags tags_primary bottom_icons">
                                                            
                                <div data-alt="Latvijas produkts" class="tag tag-soap-6 " style="background-image: url('/uploads/sale/latvijas-produkts-3559.png');                     ">
                </div>
                                                                            
                                <div data-alt="Meistara marka" class="tag tag-soap-7 " style="background-image: url('/uploads/sale/meistara-marka-7362.png');                     ">
                </div>
                                            
                    </div>
        <div class="tags tags_primary info_icon">
            
    <div data-alt="Prece pieejama 10.02. - 16.02." class="tag i"></div>

        </div>

        <div class="info-notice">
            


                                                                                                        </div>

        <div class="img">
          <img alt="Siera salāti ar burkāniem, 200 g" src="/uploads/sale/2026/sales_page/02/09//siera-salati-ar-burkaniem-00237-0209103023.png?1770625823">
        </div>
        <div class="text       ">
            <div class="title">Siera salāti ar burkāniem, 200 g</div>
            <div class="pack">
                <span class="ptitle"></span>
                <span class="price"> </span>
            </div>
                    </div>
        <div class="infopop">
            <div class="in"><span></span>
                <div class="arrow_top"></div>
                <div class="arrow_bottom"></div>
            </div>
        </div>
    </div>
</div><div class="col-third offer-item">
    <div class="item bl_shadow product-243099   offer-2-l-sp-sku units-price        " data-product-id="243099" data-timeout="5" data-dates-interval="10.02. - 16.02.2026." tabindex="0" role="button">
                                                    <div class="discount price with-unit-price ">
                                                                                                                                                        <div class="bottom-icon with-unit-price">
                                    
                    <span class="bottom-icon-item bottom-icon-image icon-45" style="background-image: url('/uploads/sale/tikai-new.svg?v3')" data-code="400"></span>
                            </div>
            
                    <div class="t1 with-unit-price ">
            <span class="value">4</span>
            <span class="cents">49</span>
            <span class="eur">€</span>
            <span class="unit-price">9,98 €/kg</span>
        </div>
                    <div class="t2">
                <span class="value">5,49</span>
                <span class="eur">€</span>
            </div>
            <div class="t3 ">
                <span class="value">5</span>
                <span class="cents">49</span>
                <span class="eur">€</span>
                            </div>
            
    <span class="vline"></span>
</div>                    		
        
        
        <div class="tags tags_primary bottom_icons">
                                                            
                                <div data-alt="Prece pieejama MAXIMA XX veikalos" class="tag tag-soap-3 tag-shops" style="background-image: url('/uploads/sale/piedavajums-speka-maxima-xx-veikalos-6057.png');                     ">
                </div>
                                                                            
                                <div data-alt="Prece pieejama MAXIMA XXX veikalos" class="tag tag-soap-4 tag-shops" style="background-image: url('/uploads/sale/piedavajums-speka-maxima-xxx-veikalos-3117.png');                     ">
                </div>
                                                                            
                                <div data-alt="Latvijas produkts" class="tag tag-soap-6 " style="background-image: url('/uploads/sale/latvijas-produkts-3559.png');                     ">
                </div>
                                                                            
                                <div data-alt="Meistara marka" class="tag tag-soap-7 " style="background-image: url('/uploads/sale/meistara-marka-7362.png');                     ">
                </div>
                                            
                    </div>
        <div class="tags tags_primary info_icon">
            
    <div data-alt="Prece pieejama 10.02. - 16.02." class="tag i"></div>

        </div>

        <div class="info-notice">
            


                                                                                                                                                                </div>

        <div class="img">
          <img alt="Tunzivs un kūpināta laša salāti, 450 g" src="/uploads/sale/2026/sales_page/02/09//tunzivs-un-kupinata-lasa-salati-00238-0209103023.png?1770625823">
        </div>
        <div class="text       ">
            <div class="title">Tunzivs un kūpināta laša salāti, 450 g</div>
            <div class="pack">
                <span class="ptitle"></span>
                <span class="price"> </span>
            </div>
                    </div>
        <div class="infopop">
            <div class="in"><span></span>
                <div class="arrow_top"></div>
                <div class="arrow_bottom"></div>
            </div>
        </div>
    </div>
</div><div class="col-third offer-item">
    <div class="item bl_shadow product-243100   offer-2-l-sp-sku units-price        " data-product-id="243100" data-timeout="5" data-dates-interval="10.02. - 16.02.2026." tabindex="0" role="button">
                                                    <div class="discount price with-unit-price ">
                                                                                        <div class="bottom-icon with-unit-price">
                                    
                    <span class="bottom-icon-item bottom-icon-image icon-45" style="background-image: url('/uploads/sale/tikai-new.svg?v3')" data-code="400"></span>
                            </div>
            
                    <div class="t1 with-unit-price ">
            <span class="value">2</span>
            <span class="cents">99</span>
            <span class="eur">€</span>
            <span class="unit-price">9,97 €/kg</span>
        </div>
                    <div class="t2">
                <span class="value">3,49</span>
                <span class="eur">€</span>
            </div>
            <div class="t3 ">
                <span class="value">3</span>
                <span class="cents">49</span>
                <span class="eur">€</span>
                            </div>
            
    <span class="vline"></span>
</div>                    		
        
        
        <div class="tags tags_primary bottom_icons">
                                                            
                                <div data-alt="Latvijas produkts" class="tag tag-soap-6 " style="background-image: url('/uploads/sale/latvijas-produkts-3559.png');                     ">
                </div>
                                                                            
                                <div data-alt="Meistara marka" class="tag tag-soap-7 " style="background-image: url('/uploads/sale/meistara-marka-7362.png');                     ">
                </div>
                                            
                    </div>
        <div class="tags tags_primary info_icon">
            
    <div data-alt="Prece pieejama 10.02. - 16.02." class="tag i"></div>

        </div>

        <div class="info-notice">
            


                                                                                                        </div>

        <div class="img">
          <img alt="Zaļie salāti ar tunzivi, 300 g" src="/uploads/sale/2026/sales_page/02/09//zalie-salati-ar-tunzivi-00239-0209103023.png?1770625823">
        </div>
        <div class="text       ">
            <div class="title">Zaļie salāti ar tunzivi, 300 g</div>
            <div class="pack">
                <span class="ptitle"></span>
                <span class="price"> </span>
            </div>
                    </div>
        <div class="infopop">
            <div class="in"><span></span>
                <div class="arrow_top"></div>
                <div class="arrow_bottom"></div>
            </div>
        </div>
    </div>
</div><div class="col-third offer-item">
    <div class="item bl_shadow product-243101   offer-2-l-sp-sku units-price        " data-product-id="243101" data-timeout="5" data-dates-interval="10.02. - 16.02.2026." tabindex="0" role="button">
                                                    <div class="discount price with-unit-price ">
                                                                                        <div class="bottom-icon with-unit-price">
                                    
                    <span class="bottom-icon-item bottom-icon-image icon-45" style="background-image: url('/uploads/sale/tikai-new.svg?v3')" data-code="400"></span>
                            </div>
            
                    <div class="t1 with-unit-price ">
            <span class="value">2</span>
            <span class="cents">79</span>
            <span class="eur">€</span>
            <span class="unit-price">12,68 €/kg</span>
        </div>
                    <div class="t2">
                <span class="value">3,29</span>
                <span class="eur">€</span>
            </div>
            <div class="t3 ">
                <span class="value">3</span>
                <span class="cents">29</span>
                <span class="eur">€</span>
                            </div>
            
    <span class="vline"></span>
</div>                    		
        
        
        <div class="tags tags_primary bottom_icons">
                                                            
                                <div data-alt="Latvijas produkts" class="tag tag-soap-6 " style="background-image: url('/uploads/sale/latvijas-produkts-3559.png');                     ">
                </div>
                                                                            
                                <div data-alt="Meistara marka" class="tag tag-soap-7 " style="background-image: url('/uploads/sale/meistara-marka-7362.png');                     ">
                </div>
                                            
                    </div>
        <div class="tags tags_primary info_icon">
            
    <div data-alt="Prece pieejama 10.02. - 16.02." class="tag i"></div>

        </div>

        <div class="info-notice">
            


                                                                                                        </div>

        <div class="img">
          <img alt="Vraps ar Cēzara salātiem, 220 g" src="/uploads/sale/2026/sales_page/02/09//vraps-ar-cezara-salatiem-00240-0209103023.png?1770625823">
        </div>
        <div class="text       ">
            <div class="title">Vraps ar Cēzara salātiem, 220 g</div>
            <div class="pack">
                <span class="ptitle"></span>
                <span class="price"> </span>
            </div>
                    </div>
        <div class="infopop">
            <div class="in"><span></span>
                <div class="arrow_top"></div>
                <div class="arrow_bottom"></div>
            </div>
        </div>
    </div>
</div><div class="col-third offer-item">
    <div class="item bl_shadow product-243102   offer-2-l-sp-sku units-price        " data-product-id="243102" data-timeout="5" data-dates-interval="10.02. - 16.02.2026." tabindex="0" role="button">
                                                    <div class="discount price with-unit-price ">
                                                        <div class="bottom-icon with-unit-price">
                                    
                    <span class="bottom-icon-item bottom-icon-image icon-45" style="background-image: url('/uploads/sale/tikai-new.svg?v3')" data-code="400"></span>
                            </div>
            
                    <div class="t1 with-unit-price ">
            <span class="value">2</span>
            <span class="cents">09</span>
            <span class="eur">€</span>
            <span class="unit-price">10,45 €/kg</span>
        </div>
                    <div class="t2">
                <span class="value">2,59</span>
                <span class="eur">€</span>
            </div>
            <div class="t3 ">
                <span class="value">2</span>
                <span class="cents">59</span>
                <span class="eur">€</span>
                            </div>
            
    <span class="vline"></span>
</div>                    		
        
        
        <div class="tags tags_primary bottom_icons">
                                                            
                                <div data-alt="Meistara marka" class="tag tag-soap-7 " style="background-image: url('/uploads/sale/meistara-marka-7362.png');                     ">
                </div>
                                            
                    </div>
        <div class="tags tags_primary info_icon">
            
    <div data-alt="Prece pieejama 10.02. - 16.02." class="tag i"></div>

        </div>

        <div class="info-notice">
            


                                                                            </div>

        <div class="img">
          <img alt="Vistas gaļas kotletes, 1 iepak./2x 100 g" src="/uploads/sale/2026/sales_page/02/09//vistas-galas-kotletes-00241-0209103023.png?1770625823">
        </div>
        <div class="text       ">
            <div class="title">Vistas gaļas kotletes, 1 iepak./2x 100 g</div>
            <div class="pack">
                <span class="ptitle"></span>
                <span class="price"> </span>
            </div>
                    </div>
        <div class="infopop">
            <div class="in"><span></span>
                <div class="arrow_top"></div>
                <div class="arrow_bottom"></div>
            </div>
        </div>
    </div>
</div><div class="col-third offer-item">
    <div class="item bl_shadow product-243103   offer-2-l-sp-sku units-price        " data-product-id="243103" data-timeout="5" data-dates-interval="10.02. - 16.02.2026." tabindex="0" role="button">
                                                    <div class="discount price with-unit-price ">
                                                                                        <div class="bottom-icon with-unit-price">
                                    
                    <span class="bottom-icon-item bottom-icon-image icon-45" style="background-image: url('/uploads/sale/tikai-new.svg?v3')" data-code="400"></span>
                            </div>
            
                    <div class="t1 with-unit-price ">
            <span class="value">1</span>
            <span class="cents">29</span>
            <span class="eur">€</span>
            <span class="unit-price">6,45 €/kg</span>
        </div>
                    <div class="t2">
                <span class="value">1,59</span>
                <span class="eur">€</span>
            </div>
            <div class="t3 ">
                <span class="value">1</span>
                <span class="cents">59</span>
                <span class="eur">€</span>
                            </div>
            
    <span class="vline"></span>
</div>                    		
        
        
        <div class="tags tags_primary bottom_icons">
                                                            
                                <div data-alt="Latvijas produkts" class="tag tag-soap-6 " style="background-image: url('/uploads/sale/latvijas-produkts-3559.png');                     ">
                </div>
                                                                            
                                <div data-alt="Meistara marka" class="tag tag-soap-7 " style="background-image: url('/uploads/sale/meistara-marka-7362.png');                     ">
                </div>
                                            
                    </div>
        <div class="tags tags_primary info_icon">
            
    <div data-alt="Prece pieejama 10.02. - 16.02." class="tag i"></div>

        </div>

        <div class="info-notice">
            


                                                                                                        </div>

        <div class="img">
          <img alt="Makaronu salāti, 200 g" src="/uploads/sale/2026/sales_page/02/09//makaronu-salati-00242-0209103023.png?1770625823">
        </div>
        <div class="text       ">
            <div class="title">Makaronu salāti, 200 g</div>
            <div class="pack">
                <span class="ptitle"></span>
                <span class="price"> </span>
            </div>
                    </div>
        <div class="infopop">
            <div class="in"><span></span>
                <div class="arrow_top"></div>
                <div class="arrow_bottom"></div>
            </div>
        </div>
    </div>
</div><div class="col-third offer-item">
    <div class="item bl_shadow product-243104   offer-2-l-sp-sku units-price        " data-product-id="243104" data-timeout="5" data-dates-interval="10.02. - 16.02.2026." tabindex="0" role="button">
                                                    <div class="discount price with-unit-price ">
                                                                                                                                                        <div class="bottom-icon with-unit-price">
                                    
                    <span class="bottom-icon-item bottom-icon-image icon-45" style="background-image: url('/uploads/sale/tikai-new.svg?v3')" data-code="400"></span>
                            </div>
            
                    <div class="t1 with-unit-price ">
            <span class="value">2</span>
            <span class="cents">99</span>
            <span class="eur">€</span>
            <span class="unit-price">8,54 €/kg</span>
        </div>
                    <div class="t2">
                <span class="value">3,59</span>
                <span class="eur">€</span>
            </div>
            <div class="t3 ">
                <span class="value">3</span>
                <span class="cents">59</span>
                <span class="eur">€</span>
                            </div>
            
    <span class="vline"></span>
</div>                    		
        
        
        <div class="tags tags_primary bottom_icons">
                                                            
                                <div data-alt="Prece pieejama MAXIMA XX veikalos" class="tag tag-soap-3 tag-shops" style="background-image: url('/uploads/sale/piedavajums-speka-maxima-xx-veikalos-6057.png');                     ">
                </div>
                                                                            
                                <div data-alt="Prece pieejama MAXIMA XXX veikalos" class="tag tag-soap-4 tag-shops" style="background-image: url('/uploads/sale/piedavajums-speka-maxima-xxx-veikalos-3117.png');                     ">
                </div>
                                                                            
                                <div data-alt="Latvijas produkts" class="tag tag-soap-6 " style="background-image: url('/uploads/sale/latvijas-produkts-3559.png');                     ">
                </div>
                                                                            
                                <div data-alt="Meistara marka" class="tag tag-soap-7 " style="background-image: url('/uploads/sale/meistara-marka-7362.png');                     ">
                </div>
                                            
                    </div>
        <div class="tags tags_primary info_icon">
            
    <div data-alt="Prece pieejama 10.02. - 16.02." class="tag i"></div>

        </div>

        <div class="info-notice">
            


                                                                                                                                                                </div>

        <div class="img">
          <img alt="Kartupeļu sacepums ar gaļu, 350 g" src="/uploads/sale/2026/sales_page/02/09//kartupelu-sacepums-ar-galu-00243-0209103023.png?1770625823">
        </div>
        <div class="text       ">
            <div class="title">Kartupeļu sacepums ar gaļu, 350 g</div>
            <div class="pack">
                <span class="ptitle"></span>
                <span class="price"> </span>
            </div>
                    </div>
        <div class="infopop">
            <div class="in"><span></span>
                <div class="arrow_top"></div>
                <div class="arrow_bottom"></div>
            </div>
        </div>
    </div>
</div><div class="col-third offer-item">
    <div class="item bl_shadow product-243105   offer-2-l-sp-sku units-price        " data-product-id="243105" data-timeout="5" data-dates-interval="10.02. - 16.02.2026." tabindex="0" role="button">
                                                    <div class="discount price with-unit-price ">
                                                                                        <div class="bottom-icon with-unit-price">
                                    
                    <span class="bottom-icon-item bottom-icon-image icon-45" style="background-image: url('/uploads/sale/tikai-new.svg?v3')" data-code="400"></span>
                            </div>
            
                    <div class="t1 with-unit-price ">
            <span class="value">2</span>
            <span class="cents">69</span>
            <span class="eur">€</span>
            <span class="unit-price">7,69 €/kg</span>
        </div>
                    <div class="t2">
                <span class="value">2,99</span>
                <span class="eur">€</span>
            </div>
            <div class="t3 ">
                <span class="value">2</span>
                <span class="cents">99</span>
                <span class="eur">€</span>
                            </div>
            
    <span class="vline"></span>
</div>                    		
        
        
        <div class="tags tags_primary bottom_icons">
                                                            
                                <div data-alt="Latvijas produkts" class="tag tag-soap-6 " style="background-image: url('/uploads/sale/latvijas-produkts-3559.png');                     ">
                </div>
                                                                            
                                <div data-alt="Meistara marka" class="tag tag-soap-7 " style="background-image: url('/uploads/sale/meistara-marka-7362.png');                     ">
                </div>
                                            
                    </div>
        <div class="tags tags_primary info_icon">
            
    <div data-alt="Prece pieejama 10.02. - 16.02." class="tag i"></div>

        </div>

        <div class="info-notice">
            


                                                                                                        </div>

        <div class="img">
          <img alt="Cūkgaļas plovs, 350 g" src="/uploads/sale/2026/sales_page/02/09//cukgalas-plovs-00244-0209103023.png?1770625823">
        </div>
        <div class="text       ">
            <div class="title">Cūkgaļas plovs, 350 g</div>
            <div class="pack">
                <span class="ptitle"></span>
                <span class="price"> </span>
            </div>
                    </div>
        <div class="infopop">
            <div class="in"><span></span>
                <div class="arrow_top"></div>
                <div class="arrow_bottom"></div>
            </div>
        </div>
    </div>
</div><div class="col-third offer-item">
    <div class="item bl_shadow product-243106   offer-2-l-pd-sku         " data-product-id="243106" data-timeout="5" data-dates-interval="10.02. - 16.02.2026." tabindex="0" role="button">
                                                    <div class="discount percents">
                                                                                                            <div class="percents_wrapper">
        <span class="sign">-</span><span class="value">20</span><span class="per">%</span>
    </div>
    <span class="vline"></span>
</div>                    		
        
        
        <div class="tags tags_primary bottom_icons">
                                                            
                                <div data-alt="Prece pieejama MAXIMA XX veikalos" class="tag tag-soap-3 tag-shops" style="background-image: url('/uploads/sale/piedavajums-speka-maxima-xx-veikalos-6057.png');                     ">
                </div>
                                                                            
                                <div data-alt="Prece pieejama MAXIMA XXX veikalos" class="tag tag-soap-4 tag-shops" style="background-image: url('/uploads/sale/piedavajums-speka-maxima-xxx-veikalos-3117.png');                     ">
                </div>
                                                                            
                                <div data-alt="Latvijas produkts" class="tag tag-soap-6 " style="background-image: url('/uploads/sale/latvijas-produkts-3559.png');                     ">
                </div>
                            
                    </div>
        <div class="tags tags_primary info_icon">
            
    <div data-alt="Cena pie preces norādīta ar atlaidi.&lt;br&gt;Prece pieejama 10.02. - 16.02." class="tag i"></div>

        </div>

        <div class="info-notice">
            


                                                                                                        </div>

        <div class="img">
          <img alt="Kulinārijas gaļas izstrādājumiem LIDO" src="/uploads/sale/2026/sales_page/02/09//kulinarijas-galas-izstradajumiem-lido-00245-0209103023.png?1770625823">
        </div>
        <div class="text   discount-type    ">
            <div class="title">Kulinārijas gaļas izstrādājumiem LIDO</div>
            <div class="pack">
                <span class="ptitle"></span>
                <span class="price"> </span>
            </div>
                    </div>
        <div class="infopop">
            <div class="in"><span></span>
                <div class="arrow_top"></div>
                <div class="arrow_bottom"></div>
            </div>
        </div>
    </div>
</div><div class="col-third offer-item">
    <div class="item bl_shadow product-243112 paldies-card custom-card offer-2-l-sp-sku units-price        product-border-edlp" data-product-id="243112" data-timeout="5" data-dates-interval="10.02. - 16.02.2026." tabindex="0" role="button">
                                                    <div class="discount price zilacena with-unit-price ">
            <div class="paldies-card-icon with-unit-price round-borders">
        <div class="t1-bg"></div>
        <img src="/images/front/sale/icons/zilacena.png" alt="Pastāvīgi izdevīga cena">
    </div>

    <div class="t1 with-unit-price paldies-card round-borders ">
        <span class="value">3</span>
        <span class="cents">99</span>
        <span class="eur">€</span>
        <span class="unit-price">11,40 €/kg</span>
    </div>

    
    <span class="vline"></span>
</div>                    		
        
        
        <div class="tags tags_primary bottom_icons">
                                                            
                                <div data-alt="Latvijas produkts" class="tag tag-soap-6 " style="background-image: url('/uploads/sale/latvijas-produkts-3559.png');                     ">
                </div>
                                                                            
                                <div data-alt="Meistara marka" class="tag tag-soap-7 " style="background-image: url('/uploads/sale/meistara-marka-7362.png');                     ">
                </div>
                                                                            
                                <div data-alt="Pastāvīgi izdevīga cena" class="tag tag-soap-61 " style="background-image: url('/uploads/sale/pastavigi-izdeviga-cena-3394.png');                     ">
                </div>
                            
                    </div>
        <div class="tags tags_primary info_icon">
            

        </div>

        <div class="info-notice">
            


                                                                                                        </div>

        <div class="img">
          <img alt="Kūka ar ķiršiem, 350 g" src="/uploads/sale/2026/sales_page/02/09//kuka-ar-kirsiem-00231-0209103025.png?1770625825">
        </div>
        <div class="text  custom-card icon-61     ">
            <div class="title">Kūka ar ķiršiem, 350 g</div>
            <div class="pack">
                <span class="ptitle"></span>
                <span class="price"> </span>
            </div>
                    </div>
        <div class="infopop">
            <div class="in"><span></span>
                <div class="arrow_top"></div>
                <div class="arrow_bottom"></div>
            </div>
        </div>
    </div>
</div><div class="col-third offer-item">
    <div class="item bl_shadow product-243113 paldies-card custom-card offer-2-l-sp-sku units-price        product-border-edlp" data-product-id="243113" data-timeout="5" data-dates-interval="10.02. - 16.02.2026." tabindex="0" role="button">
                                                    <div class="discount price zilacena with-unit-price ">
            <div class="paldies-card-icon with-unit-price round-borders">
        <div class="t1-bg"></div>
        <img src="/images/front/sale/icons/zilacena.png" alt="Pastāvīgi izdevīga cena">
    </div>

    <div class="t1 with-unit-price paldies-card round-borders two-digts">
        <span class="value">12</span>
        <span class="cents">99</span>
        <span class="eur">€</span>
        <span class="unit-price">11,81 €/kg</span>
    </div>

    
    <span class="vline"></span>
</div>                    		
        
        
        <div class="tags tags_primary bottom_icons">
                                                            
                                <div data-alt="Latvijas produkts" class="tag tag-soap-6 " style="background-image: url('/uploads/sale/latvijas-produkts-3559.png');                     ">
                </div>
                                                                            
                                <div data-alt="Meistara marka" class="tag tag-soap-7 " style="background-image: url('/uploads/sale/meistara-marka-7362.png');                     ">
                </div>
                                                                            
                                <div data-alt="Pastāvīgi izdevīga cena" class="tag tag-soap-61 " style="background-image: url('/uploads/sale/pastavigi-izdeviga-cena-3394.png');                     ">
                </div>
                            
                    </div>
        <div class="tags tags_primary info_icon">
            

        </div>

        <div class="info-notice">
            


                                                                                                        </div>

        <div class="img">
          <img alt="Torte BANĀNU-BIEZPIEN, 1,1 kg" src="/uploads/sale/2026/sales_page/02/09//torte-bananu-biezpien-00232-0209103025.png?1770625825">
        </div>
        <div class="text  custom-card icon-61     ">
            <div class="title">Torte BANĀNU-BIEZPIEN, 1,1 kg</div>
            <div class="pack">
                <span class="ptitle"></span>
                <span class="price"> </span>
            </div>
                    </div>
        <div class="infopop">
            <div class="in"><span></span>
                <div class="arrow_top"></div>
                <div class="arrow_bottom"></div>
            </div>
        </div>
    </div>
</div><div class="col-third offer-item">
    <div class="item bl_shadow product-243114 paldies-card custom-card offer-2-l-sp-sku units-price        product-border-edlp" data-product-id="243114" data-timeout="5" data-dates-interval="10.02. - 16.02.2026." tabindex="0" role="button">
                                                    <div class="discount price zilacena with-unit-price ">
            <div class="paldies-card-icon with-unit-price round-borders">
        <div class="t1-bg"></div>
        <img src="/images/front/sale/icons/zilacena.png" alt="Pastāvīgi izdevīga cena">
    </div>

    <div class="t1 with-unit-price paldies-card round-borders ">
        <span class="value">1</span>
        <span class="cents">99</span>
        <span class="eur">€</span>
        <span class="unit-price">16,58 €/kg</span>
    </div>

    
    <span class="vline"></span>
</div>                    		
        
        
        <div class="tags tags_primary bottom_icons">
                                                            
                                <div data-alt="Latvijas produkts" class="tag tag-soap-6 " style="background-image: url('/uploads/sale/latvijas-produkts-3559.png');                     ">
                </div>
                                                                            
                                <div data-alt="Meistara marka" class="tag tag-soap-7 " style="background-image: url('/uploads/sale/meistara-marka-7362.png');                     ">
                </div>
                                                                            
                                <div data-alt="Pastāvīgi izdevīga cena" class="tag tag-soap-61 " style="background-image: url('/uploads/sale/pastavigi-izdeviga-cena-3394.png');                     ">
                </div>
                            
                    </div>
        <div class="tags tags_primary info_icon">
            

        </div>

        <div class="info-notice">
            


                                                                                                        </div>

        <div class="img">
          <img alt="Eklēri ar karameļu krēmu, 1 iepak./2x 60 g" src="/uploads/sale/2026/sales_page/02/09//ekleri-ar-karamelu-kremu-00233-0209103025.png?1770625825">
        </div>
        <div class="text  custom-card icon-61     ">
            <div class="title">Eklēri ar karameļu krēmu, 1 iepak./2x 60 g</div>
            <div class="pack">
                <span class="ptitle"></span>
                <span class="price"> </span>
            </div>
                    </div>
        <div class="infopop">
            <div class="in"><span></span>
                <div class="arrow_top"></div>
                <div class="arrow_bottom"></div>
            </div>
        </div>
    </div>
</div><div class="col-third offer-item">
    <div class="item bl_shadow product-243115   offer-2-l-sp-sku units-price        " data-product-id="243115" data-timeout="5" data-dates-interval="10.02. - 16.02.2026." tabindex="0" role="button">
                                                    <div class="discount price with-unit-price ">
                                                                                        <div class="bottom-icon with-unit-price">
                                    <span class="bottom-icon-item icon-51 " style="background-image: url('/uploads/sale/zemo-ceno-grozs-9876.png')" data-code="500">
                                                    <span class="sign">-</span>
                            <span class="value">20</span>
                            <span class="per">%</span>
                                            </span>
                            </div>
            
                    <div class="t1 with-unit-price ">
            <span class="value">1</span>
            <span class="cents">59</span>
            <span class="eur">€</span>
            <span class="unit-price">14,45 €/kg</span>
        </div>
                    <div class="t2">
                <span class="value">1,99</span>
                <span class="eur">€</span>
            </div>
            <div class="t3 ">
                <span class="value">1</span>
                <span class="cents">99</span>
                <span class="eur">€</span>
                            </div>
            
    <span class="vline"></span>
</div>                    		
        
        
        <div class="tags tags_primary bottom_icons">
                                                            
                                <div data-alt="Latvijas produkts" class="tag tag-soap-6 " style="background-image: url('/uploads/sale/latvijas-produkts-3559.png');                     ">
                </div>
                                                                            
                                <div data-alt="Meistara marka" class="tag tag-soap-7 " style="background-image: url('/uploads/sale/meistara-marka-7362.png');                     ">
                </div>
                                            
                    </div>
        <div class="tags tags_primary info_icon">
            
    <div data-alt="Prece pieejama 10.02. - 16.02." class="tag i"></div>

        </div>

        <div class="info-notice">
            


                                                                                                        </div>

        <div class="img">
          <img alt="Deserts PISTĀCIJU TIRAMISU, 110 g" src="/uploads/sale/2026/sales_page/02/09//deserts-pistaciju-tiramisu-00234-0209103025.png?1770625825">
        </div>
        <div class="text       ">
            <div class="title">Deserts PISTĀCIJU TIRAMISU, 110 g</div>
            <div class="pack">
                <span class="ptitle"></span>
                <span class="price"> </span>
            </div>
                    </div>
        <div class="infopop">
            <div class="in"><span></span>
                <div class="arrow_top"></div>
                <div class="arrow_bottom"></div>
            </div>
        </div>
    </div>
</div><div class="col-third offer-item">
    <div class="item bl_shadow product-243116   offer-2-l-sp-sku units-price        " data-product-id="243116" data-timeout="5" data-dates-interval="10.02. - 16.02.2026." tabindex="0" role="button">
                                                    <div class="discount price with-unit-price ">
                                                                                        <div class="bottom-icon with-unit-price">
                                    
                    <span class="bottom-icon-item bottom-icon-image icon-45" style="background-image: url('/uploads/sale/tikai-new.svg?v3')" data-code="400"></span>
                            </div>
            
                    <div class="t1 with-unit-price ">
            <span class="value">2</span>
            <span class="cents">19</span>
            <span class="eur">€</span>
            <span class="unit-price">5,48 €/kg</span>
        </div>
                    <div class="t2">
                <span class="value">2,39</span>
                <span class="eur">€</span>
            </div>
            <div class="t3 ">
                <span class="value">2</span>
                <span class="cents">39</span>
                <span class="eur">€</span>
                            </div>
            
    <span class="vline"></span>
</div>                    		
        
        
        <div class="tags tags_primary bottom_icons">
                                                            
                                <div data-alt="Latvijas produkts" class="tag tag-soap-6 " style="background-image: url('/uploads/sale/latvijas-produkts-3559.png');                     ">
                </div>
                                                                            
                                <div data-alt="Meistara marka" class="tag tag-soap-7 " style="background-image: url('/uploads/sale/meistara-marka-7362.png');                     ">
                </div>
                                            
                    </div>
        <div class="tags tags_primary info_icon">
            
    <div data-alt="Prece pieejama 10.02. - 16.02." class="tag i"></div>

        </div>

        <div class="info-notice">
            


                                                                                                        </div>

        <div class="img">
          <img alt="Frikadeļu zupa, 400 g" src="/uploads/sale/2026/sales_page/02/09//frikadelu-zupa-00235-0209103025.png?1770625825">
        </div>
        <div class="text       ">
            <div class="title">Frikadeļu zupa, 400 g</div>
            <div class="pack">
                <span class="ptitle"></span>
                <span class="price"> </span>
            </div>
                    </div>
        <div class="infopop">
            <div class="in"><span></span>
                <div class="arrow_top"></div>
                <div class="arrow_bottom"></div>
            </div>
        </div>
    </div>
</div><div class="col-third offer-item">
    <div class="item bl_shadow product-243097 paldies-card custom-card offer-2-l-sp-sku units-price        product-border-edlp" data-product-id="243097" data-timeout="5" data-dates-interval="10.02. - 16.02.2026." tabindex="0" role="button">
                                                    <div class="discount price zilacena with-unit-price ">
            <div class="paldies-card-icon with-unit-price round-borders">
        <div class="t1-bg"></div>
        <img src="/images/front/sale/icons/zilacena.png" alt="Pastāvīgi izdevīga cena">
    </div>

    <div class="t1 with-unit-price paldies-card round-borders ">
        <span class="value">2</span>
        <span class="cents">99</span>
        <span class="eur">€</span>
        <span class="unit-price">5,98 €/kg</span>
    </div>

    
    <span class="vline"></span>
</div>                    		
        
        
        <div class="tags tags_primary bottom_icons">
                                                            
                                <div data-alt="Latvijas produkts" class="tag tag-soap-6 " style="background-image: url('/uploads/sale/latvijas-produkts-3559.png');                     ">
                </div>
                                                                            
                                <div data-alt="Meistara marka" class="tag tag-soap-7 " style="background-image: url('/uploads/sale/meistara-marka-7362.png');                     ">
                </div>
                                                                            
                                <div data-alt="Pastāvīgi izdevīga cena" class="tag tag-soap-61 " style="background-image: url('/uploads/sale/pastavigi-izdeviga-cena-3394.png');                     ">
                </div>
                            
                    </div>
        <div class="tags tags_primary info_icon">
            

        </div>

        <div class="info-notice">
            


                                                                                                        </div>

        <div class="img">
          <img alt="Rasols ar desu, 500 g" src="/uploads/sale/2026/sales_page/02/09//rasols-ar-desu-00236-0209103023.png?1770625823">
        </div>
        <div class="text  custom-card icon-61     ">
            <div class="title">Rasols ar desu, 500 g</div>
            <div class="pack">
                <span class="ptitle"></span>
                <span class="price"> </span>
            </div>
                    </div>
        <div class="infopop">
            <div class="in"><span></span>
                <div class="arrow_top"></div>
                <div class="arrow_bottom"></div>
            </div>
        </div>
    </div>
</div><div class="col-third offer-item">
    <div class="item bl_shadow product-243098   offer-2-l-sp-sku units-price        " data-product-id="243098" data-timeout="5" data-dates-interval="10.02. - 16.02.2026." tabindex="0" role="button">
                                                    <div class="discount price with-unit-price ">
                                                                                        <div class="bottom-icon with-unit-price">
                                    
                    <span class="bottom-icon-item bottom-icon-image icon-45" style="background-image: url('/uploads/sale/tikai-new.svg?v3')" data-code="400"></span>
                            </div>
            
                    <div class="t1 with-unit-price ">
            <span class="value">1</span>
            <span class="cents">69</span>
            <span class="eur">€</span>
            <span class="unit-price">8,45 €/kg</span>
        </div>
                    <div class="t2">
                <span class="value">1,99</span>
                <span class="eur">€</span>
            </div>
            <div class="t3 ">
                <span class="value">1</span>
                <span class="cents">99</span>
                <span class="eur">€</span>
                            </div>
            
    <span class="vline"></span>
</div>                    		
        
        
        <div class="tags tags_primary bottom_icons">
                                                            
                                <div data-alt="Latvijas produkts" class="tag tag-soap-6 " style="background-image: url('/uploads/sale/latvijas-produkts-3559.png');                     ">
                </div>
                                                                            
                                <div data-alt="Meistara marka" class="tag tag-soap-7 " style="background-image: url('/uploads/sale/meistara-marka-7362.png');                     ">
                </div>
                                            
                    </div>
        <div class="tags tags_primary info_icon">
            
    <div data-alt="Prece pieejama 10.02. - 16.02." class="tag i"></div>

        </div>

        <div class="info-notice">
            


                                                                                                        </div>

        <div class="img">
          <img alt="Siera salāti ar burkāniem, 200 g" src="/uploads/sale/2026/sales_page/02/09//siera-salati-ar-burkaniem-00237-0209103023.png?1770625823">
        </div>
        <div class="text       ">
            <div class="title">Siera salāti ar burkāniem, 200 g</div>
            <div class="pack">
                <span class="ptitle"></span>
                <span class="price"> </span>
            </div>
                    </div>
        <div class="infopop">
            <div class="in"><span></span>
                <div class="arrow_top"></div>
                <div class="arrow_bottom"></div>
            </div>
        </div>
    </div>
</div><div class="col-third offer-item">
    <div class="item bl_shadow product-243099   offer-2-l-sp-sku units-price        " data-product-id="243099" data-timeout="5" data-dates-interval="10.02. - 16.02.2026." tabindex="0" role="button">
                                                    <div class="discount price with-unit-price ">
                                                                                                                                                        <div class="bottom-icon with-unit-price">
                                    
                    <span class="bottom-icon-item bottom-icon-image icon-45" style="background-image: url('/uploads/sale/tikai-new.svg?v3')" data-code="400"></span>
                            </div>
            
                    <div class="t1 with-unit-price ">
            <span class="value">4</span>
            <span class="cents">49</span>
            <span class="eur">€</span>
            <span class="unit-price">9,98 €/kg</span>
        </div>
                    <div class="t2">
                <span class="value">5,49</span>
                <span class="eur">€</span>
            </div>
            <div class="t3 ">
                <span class="value">5</span>
                <span class="cents">49</span>
                <span class="eur">€</span>
                            </div>
            
    <span class="vline"></span>
</div>                    		
        
        
        <div class="tags tags_primary bottom_icons">
                                                            
                                <div data-alt="Prece pieejama MAXIMA XX veikalos" class="tag tag-soap-3 tag-shops" style="background-image: url('/uploads/sale/piedavajums-speka-maxima-xx-veikalos-6057.png');                     ">
                </div>
                                                                            
                                <div data-alt="Prece pieejama MAXIMA XXX veikalos" class="tag tag-soap-4 tag-shops" style="background-image: url('/uploads/sale/piedavajums-speka-maxima-xxx-veikalos-3117.png');                     ">
                </div>
                                                                            
                                <div data-alt="Latvijas produkts" class="tag tag-soap-6 " style="background-image: url('/uploads/sale/latvijas-produkts-3559.png');                     ">
                </div>
                                                                            
                                <div data-alt="Meistara marka" class="tag tag-soap-7 " style="background-image: url('/uploads/sale/meistara-marka-7362.png');                     ">
                </div>
                                            
                    </div>
        <div class="tags tags_primary info_icon">
            
    <div data-alt="Prece pieejama 10.02. - 16.02." class="tag i"></div>

        </div>

        <div class="info-notice">
            


                                                                                                                                                                </div>

        <div class="img">
          <img alt="Tunzivs un kūpināta laša salāti, 450 g" src="/uploads/sale/2026/sales_page/02/09//tunzivs-un-kupinata-lasa-salati-00238-0209103023.png?1770625823">
        </div>
        <div class="text       ">
            <div class="title">Tunzivs un kūpināta laša salāti, 450 g</div>
            <div class="pack">
                <span class="ptitle"></span>
                <span class="price"> </span>
            </div>
                    </div>
        <div class="infopop">
            <div class="in"><span></span>
                <div class="arrow_top"></div>
                <div class="arrow_bottom"></div>
            </div>
        </div>
    </div>
</div><div class="col-third offer-item">
    <div class="item bl_shadow product-243100   offer-2-l-sp-sku units-price        " data-product-id="243100" data-timeout="5" data-dates-interval="10.02. - 16.02.2026." tabindex="0" role="button">
                                                    <div class="discount price with-unit-price ">
                                                                                        <div class="bottom-icon with-unit-price">
                                    
                    <span class="bottom-icon-item bottom-icon-image icon-45" style="background-image: url('/uploads/sale/tikai-new.svg?v3')" data-code="400"></span>
                            </div>
            
                    <div class="t1 with-unit-price ">
            <span class="value">2</span>
            <span class="cents">99</span>
            <span class="eur">€</span>
            <span class="unit-price">9,97 €/kg</span>
        </div>
                    <div class="t2">
                <span class="value">3,49</span>
                <span class="eur">€</span>
            </div>
            <div class="t3 ">
                <span class="value">3</span>
                <span class="cents">49</span>
                <span class="eur">€</span>
                            </div>
            
    <span class="vline"></span>
</div>                    		
        
        
        <div class="tags tags_primary bottom_icons">
                                                            
                                <div data-alt="Latvijas produkts" class="tag tag-soap-6 " style="background-image: url('/uploads/sale/latvijas-produkts-3559.png');                     ">
                </div>
                                                                            
                                <div data-alt="Meistara marka" class="tag tag-soap-7 " style="background-image: url('/uploads/sale/meistara-marka-7362.png');                     ">
                </div>
                                            
                    </div>
        <div class="tags tags_primary info_icon">
            
    <div data-alt="Prece pieejama 10.02. - 16.02." class="tag i"></div>

        </div>

        <div class="info-notice">
            


                                                                                                        </div>

        <div class="img">
          <img alt="Zaļie salāti ar tunzivi, 300 g" src="/uploads/sale/2026/sales_page/02/09//zalie-salati-ar-tunzivi-00239-0209103023.png?1770625823">
        </div>
        <div class="text       ">
            <div class="title">Zaļie salāti ar tunzivi, 300 g</div>
            <div class="pack">
                <span class="ptitle"></span>
                <span class="price"> </span>
            </div>
                    </div>
        <div class="infopop">
            <div class="in"><span></span>
                <div class="arrow_top"></div>
                <div class="arrow_bottom"></div>
            </div>
        </div>
    </div>
</div><div class="col-third offer-item">
    <div class="item bl_shadow product-243101   offer-2-l-sp-sku units-price        " data-product-id="243101" data-timeout="5" data-dates-interval="10.02. - 16.02.2026." tabindex="0" role="button">
                                                    <div class="discount price with-unit-price ">
                                                                                        <div class="bottom-icon with-unit-price">
                                    
                    <span class="bottom-icon-item bottom-icon-image icon-45" style="background-image: url('/uploads/sale/tikai-new.svg?v3')" data-code="400"></span>
                            </div>
            
                    <div class="t1 with-unit-price ">
            <span class="value">2</span>
            <span class="cents">79</span>
            <span class="eur">€</span>
            <span class="unit-price">12,68 €/kg</span>
        </div>
                    <div class="t2">
                <span class="value">3,29</span>
                <span class="eur">€</span>
            </div>
            <div class="t3 ">
                <span class="value">3</span>
                <span class="cents">29</span>
                <span class="eur">€</span>
                            </div>
            
    <span class="vline"></span>
</div>                    		
        
        
        <div class="tags tags_primary bottom_icons">
                                                            
                                <div data-alt="Latvijas produkts" class="tag tag-soap-6 " style="background-image: url('/uploads/sale/latvijas-produkts-3559.png');                     ">
                </div>
                                                                            
                                <div data-alt="Meistara marka" class="tag tag-soap-7 " style="background-image: url('/uploads/sale/meistara-marka-7362.png');                     ">
                </div>
                                            
                    </div>
        <div class="tags tags_primary info_icon">
            
    <div data-alt="Prece pieejama 10.02. - 16.02." class="tag i"></div>

        </div>

        <div class="info-notice">
            


                                                                                                        </div>

        <div class="img">
          <img alt="Vraps ar Cēzara salātiem, 220 g" src="/uploads/sale/2026/sales_page/02/09//vraps-ar-cezara-salatiem-00240-0209103023.png?1770625823">
        </div>
        <div class="text       ">
            <div class="title">Vraps ar Cēzara salātiem, 220 g</div>
            <div class="pack">
                <span class="ptitle"></span>
                <span class="price"> </span>
            </div>
                    </div>
        <div class="infopop">
            <div class="in"><span></span>
                <div class="arrow_top"></div>
                <div class="arrow_bottom"></div>
            </div>
        </div>
    </div>
</div><div class="col-third offer-item">
    <div class="item bl_shadow product-243102   offer-2-l-sp-sku units-price        " data-product-id="243102" data-timeout="5" data-dates-interval="10.02. - 16.02.2026." tabindex="0" role="button">
                                                    <div class="discount price with-unit-price ">
                                                        <div class="bottom-icon with-unit-price">
                                    
                    <span class="bottom-icon-item bottom-icon-image icon-45" style="background-image: url('/uploads/sale/tikai-new.svg?v3')" data-code="400"></span>
                            </div>
            
                    <div class="t1 with-unit-price ">
            <span class="value">2</span>
            <span class="cents">09</span>
            <span class="eur">€</span>
            <span class="unit-price">10,45 €/kg</span>
        </div>
                    <div class="t2">
                <span class="value">2,59</span>
                <span class="eur">€</span>
            </div>
            <div class="t3 ">
                <span class="value">2</span>
                <span class="cents">59</span>
                <span class="eur">€</span>
                            </div>
            
    <span class="vline"></span>
</div>                    		
        
        
        <div class="tags tags_primary bottom_icons">
                                                            
                                <div data-alt="Meistara marka" class="tag tag-soap-7 " style="background-image: url('/uploads/sale/meistara-marka-7362.png');                     ">
                </div>
                                            
                    </div>
        <div class="tags tags_primary info_icon">
            
    <div data-alt="Prece pieejama 10.02. - 16.02." class="tag i"></div>

        </div>

        <div class="info-notice">
            


                                                                            </div>

        <div class="img">
          <img alt="Vistas gaļas kotletes, 1 iepak./2x 100 g" src="/uploads/sale/2026/sales_page/02/09//vistas-galas-kotletes-00241-0209103023.png?1770625823">
        </div>
        <div class="text       ">
            <div class="title">Vistas gaļas kotletes, 1 iepak./2x 100 g</div>
            <div class="pack">
                <span class="ptitle"></span>
                <span class="price"> </span>
            </div>
                    </div>
        <div class="infopop">
            <div class="in"><span></span>
                <div class="arrow_top"></div>
                <div class="arrow_bottom"></div>
            </div>
        </div>
    </div>
</div><div class="col-third offer-item">
    <div class="item bl_shadow product-243103   offer-2-l-sp-sku units-price        " data-product-id="243103" data-timeout="5" data-dates-interval="10.02. - 16.02.2026." tabindex="0" role="button">
                                                    <div class="discount price with-unit-price ">
                                                                                        <div class="bottom-icon with-unit-price">
                                    
                    <span class="bottom-icon-item bottom-icon-image icon-45" style="background-image: url('/uploads/sale/tikai-new.svg?v3')" data-code="400"></span>
                            </div>
            
                    <div class="t1 with-unit-price ">
            <span class="value">1</span>
            <span class="cents">29</span>
            <span class="eur">€</span>
            <span class="unit-price">6,45 €/kg</span>
        </div>
                    <div class="t2">
                <span class="value">1,59</span>
                <span class="eur">€</span>
            </div>
            <div class="t3 ">
                <span class="value">1</span>
                <span class="cents">59</span>
                <span class="eur">€</span>
                            </div>
            
    <span class="vline"></span>
</div>                    		
        
        
        <div class="tags tags_primary bottom_icons">
                                                            
                                <div data-alt="Latvijas produkts" class="tag tag-soap-6 " style="background-image: url('/uploads/sale/latvijas-produkts-3559.png');                     ">
                </div>
                                                                            
                                <div data-alt="Meistara marka" class="tag tag-soap-7 " style="background-image: url('/uploads/sale/meistara-marka-7362.png');                     ">
                </div>
                                            
                    </div>
        <div class="tags tags_primary info_icon">
            
    <div data-alt="Prece pieejama 10.02. - 16.02." class="tag i"></div>

        </div>

        <div class="info-notice">
            


                                                                                                        </div>

        <div class="img">
          <img alt="Makaronu salāti, 200 g" src="/uploads/sale/2026/sales_page/02/09//makaronu-salati-00242-0209103023.png?1770625823">
        </div>
        <div class="text       ">
            <div class="title">Makaronu salāti, 200 g</div>
            <div class="pack">
                <span class="ptitle"></span>
                <span class="price"> </span>
            </div>
                    </div>
        <div class="infopop">
            <div class="in"><span></span>
                <div class="arrow_top"></div>
                <div class="arrow_bottom"></div>
            </div>
        </div>
    </div>
</div><div class="col-third offer-item">
    <div class="item bl_shadow product-243104   offer-2-l-sp-sku units-price        " data-product-id="243104" data-timeout="5" data-dates-interval="10.02. - 16.02.2026." tabindex="0" role="button">
                                                    <div class="discount price with-unit-price ">
                                                                                                                                                        <div class="bottom-icon with-unit-price">
                                    
                    <span class="bottom-icon-item bottom-icon-image icon-45" style="background-image: url('/uploads/sale/tikai-new.svg?v3')" data-code="400"></span>
                            </div>
            
                    <div class="t1 with-unit-price ">
            <span class="value">2</span>
            <span class="cents">99</span>
            <span class="eur">€</span>
            <span class="unit-price">8,54 €/kg</span>
        </div>
                    <div class="t2">
                <span class="value">3,59</span>
                <span class="eur">€</span>
            </div>
            <div class="t3 ">
                <span class="value">3</span>
                <span class="cents">59</span>
                <span class="eur">€</span>
                            </div>
            
    <span class="vline"></span>
</div>                    		
        
        
        <div class="tags tags_primary bottom_icons">
                                                            
                                <div data-alt="Prece pieejama MAXIMA XX veikalos" class="tag tag-soap-3 tag-shops" style="background-image: url('/uploads/sale/piedavajums-speka-maxima-xx-veikalos-6057.png');                     ">
                </div>
                                                                            
                                <div data-alt="Prece pieejama MAXIMA XXX veikalos" class="tag tag-soap-4 tag-shops" style="background-image: url('/uploads/sale/piedavajums-speka-maxima-xxx-veikalos-3117.png');                     ">
                </div>
                                                                            
                                <div data-alt="Latvijas produkts" class="tag tag-soap-6 " style="background-image: url('/uploads/sale/latvijas-produkts-3559.png');                     ">
                </div>
                                                                            
                                <div data-alt="Meistara marka" class="tag tag-soap-7 " style="background-image: url('/uploads/sale/meistara-marka-7362.png');                     ">
                </div>
                                            
                    </div>
        <div class="tags tags_primary info_icon">
            
    <div data-alt="Prece pieejama 10.02. - 16.02." class="tag i"></div>

        </div>

        <div class="info-notice">
            


                                                                                                                                                                </div>

        <div class="img">
          <img alt="Kartupeļu sacepums ar gaļu, 350 g" src="/uploads/sale/2026/sales_page/02/09//kartupelu-sacepums-ar-galu-00243-0209103023.png?1770625823">
        </div>
        <div class="text       ">
            <div class="title">Kartupeļu sacepums ar gaļu, 350 g</div>
            <div class="pack">
                <span class="ptitle"></span>
                <span class="price"> </span>
            </div>
                    </div>
        <div class="infopop">
            <div class="in"><span></span>
                <div class="arrow_top"></div>
                <div class="arrow_bottom"></div>
            </div>
        </div>
    </div>
</div><div class="col-third offer-item">
    <div class="item bl_shadow product-243105   offer-2-l-sp-sku units-price        " data-product-id="243105" data-timeout="5" data-dates-interval="10.02. - 16.02.2026." tabindex="0" role="button">
                                                    <div class="discount price with-unit-price ">
                                                                                        <div class="bottom-icon with-unit-price">
                                    
                    <span class="bottom-icon-item bottom-icon-image icon-45" style="background-image: url('/uploads/sale/tikai-new.svg?v3')" data-code="400"></span>
                            </div>
            
                    <div class="t1 with-unit-price ">
            <span class="value">2</span>
            <span class="cents">69</span>
            <span class="eur">€</span>
            <span class="unit-price">7,69 €/kg</span>
        </div>
                    <div class="t2">
                <span class="value">2,99</span>
                <span class="eur">€</span>
            </div>
            <div class="t3 ">
                <span class="value">2</span>
                <span class="cents">99</span>
                <span class="eur">€</span>
                            </div>
            
    <span class="vline"></span>
</div>                    		
        
        
        <div class="tags tags_primary bottom_icons">
                                                            
                                <div data-alt="Latvijas produkts" class="tag tag-soap-6 " style="background-image: url('/uploads/sale/latvijas-produkts-3559.png');                     ">
                </div>
                                                                            
                                <div data-alt="Meistara marka" class="tag tag-soap-7 " style="background-image: url('/uploads/sale/meistara-marka-7362.png');                     ">
                </div>
                                            
                    </div>
        <div class="tags tags_primary info_icon">
            
    <div data-alt="Prece pieejama 10.02. - 16.02." class="tag i"></div>

        </div>

        <div class="info-notice">
            


                                                                                                        </div>

        <div class="img">
          <img alt="Cūkgaļas plovs, 350 g" src="/uploads/sale/2026/sales_page/02/09//cukgalas-plovs-00244-0209103023.png?1770625823">
        </div>
        <div class="text       ">
            <div class="title">Cūkgaļas plovs, 350 g</div>
            <div class="pack">
                <span class="ptitle"></span>
                <span class="price"> </span>
            </div>
                    </div>
        <div class="infopop">
            <div class="in"><span></span>
                <div class="arrow_top"></div>
                <div class="arrow_bottom"></div>
            </div>
        </div>
    </div>
</div><div class="col-third offer-item">
    <div class="item bl_shadow product-243106   offer-2-l-pd-sku         " data-product-id="243106" data-timeout="5" data-dates-interval="10.02. - 16.02.2026." tabindex="0" role="button">
                                                    <div class="discount percents">
                                                                                                            <div class="percents_wrapper">
        <span class="sign">-</span><span class="value">20</span><span class="per">%</span>
    </div>
    <span class="vline"></span>
</div>                    		
        
        
        <div class="tags tags_primary bottom_icons">
                                                            
                                <div data-alt="Prece pieejama MAXIMA XX veikalos" class="tag tag-soap-3 tag-shops" style="background-image: url('/uploads/sale/piedavajums-speka-maxima-xx-veikalos-6057.png');                     ">
                </div>
                                                                            
                                <div data-alt="Prece pieejama MAXIMA XXX veikalos" class="tag tag-soap-4 tag-shops" style="background-image: url('/uploads/sale/piedavajums-speka-maxima-xxx-veikalos-3117.png');                     ">
                </div>
                                                                            
                                <div data-alt="Latvijas produkts" class="tag tag-soap-6 " style="background-image: url('/uploads/sale/latvijas-produkts-3559.png');                     ">
                </div>
                            
                    </div>
        <div class="tags tags_primary info_icon">
            
    <div data-alt="Cena pie preces norādīta ar atlaidi.&lt;br&gt;Prece pieejama 10.02. - 16.02." class="tag i"></div>

        </div>

        <div class="info-notice">
            


                                                                                                        </div>

        <div class="img">
          <img alt="Kulinārijas gaļas izstrādājumiem LIDO" src="/uploads/sale/2026/sales_page/02/09//kulinarijas-galas-izstradajumiem-lido-00245-0209103023.png?1770625823">
        </div>
        <div class="text   discount-type    ">
            <div class="title">Kulinārijas gaļas izstrādājumiem LIDO</div>
            <div class="pack">
                <span class="ptitle"></span>
                <span class="price"> </span>
            </div>
                    </div>
        <div class="infopop">
            <div class="in"><span></span>
                <div class="arrow_top"></div>
                <div class="arrow_bottom"></div>
            </div>
        </div>
    </div>
</div><div class="col-third offer-item">
    <div class="item bl_shadow product-243112 paldies-card custom-card offer-2-l-sp-sku units-price        product-border-edlp" data-product-id="243112" data-timeout="5" data-dates-interval="10.02. - 16.02.2026." tabindex="0" role="button">
                                                    <div class="discount price zilacena with-unit-price ">
            <div class="paldies-card-icon with-unit-price round-borders">
        <div class="t1-bg"></div>
        <img src="/images/front/sale/icons/zilacena.png" alt="Pastāvīgi izdevīga cena">
    </div>

    <div class="t1 with-unit-price paldies-card round-borders ">
        <span class="value">3</span>
        <span class="cents">99</span>
        <span class="eur">€</span>
        <span class="unit-price">11,40 €/kg</span>
    </div>

    
    <span class="vline"></span>
</div>                    		
        
        
        <div class="tags tags_primary bottom_icons">
                                                            
                                <div data-alt="Latvijas produkts" class="tag tag-soap-6 " style="background-image: url('/uploads/sale/latvijas-produkts-3559.png');                     ">
                </div>
                                                                            
                                <div data-alt="Meistara marka" class="tag tag-soap-7 " style="background-image: url('/uploads/sale/meistara-marka-7362.png');                     ">
                </div>
                                                                            
                                <div data-alt="Pastāvīgi izdevīga cena" class="tag tag-soap-61 " style="background-image: url('/uploads/sale/pastavigi-izdeviga-cena-3394.png');                     ">
                </div>
                            
                    </div>
        <div class="tags tags_primary info_icon">
            

        </div>

        <div class="info-notice">
            


                                                                                                        </div>

        <div class="img">
          <img alt="Kūka ar ķiršiem, 350 g" src="/uploads/sale/2026/sales_page/02/09//kuka-ar-kirsiem-00231-0209103025.png?1770625825">
        </div>
        <div class="text  custom-card icon-61     ">
            <div class="title">Kūka ar ķiršiem, 350 g</div>
            <div class="pack">
                <span class="ptitle"></span>
                <span class="price"> </span>
            </div>
                    </div>
        <div class="infopop">
            <div class="in"><span></span>
                <div class="arrow_top"></div>
                <div class="arrow_bottom"></div>
            </div>
        </div>
    </div>
</div><div class="col-third offer-item">
    <div class="item bl_shadow product-243113 paldies-card custom-card offer-2-l-sp-sku units-price        product-border-edlp" data-product-id="243113" data-timeout="5" data-dates-interval="10.02. - 16.02.2026." tabindex="0" role="button">
                                                    <div class="discount price zilacena with-unit-price ">
            <div class="paldies-card-icon with-unit-price round-borders">
        <div class="t1-bg"></div>
        <img src="/images/front/sale/icons/zilacena.png" alt="Pastāvīgi izdevīga cena">
    </div>

    <div class="t1 with-unit-price paldies-card round-borders two-digts">
        <span class="value">12</span>
        <span class="cents">99</span>
        <span class="eur">€</span>
        <span class="unit-price">11,81 €/kg</span>
    </div>

    
    <span class="vline"></span>
</div>                    		
        
        
        <div class="tags tags_primary bottom_icons">
                                                            
                                <div data-alt="Latvijas produkts" class="tag tag-soap-6 " style="background-image: url('/uploads/sale/latvijas-produkts-3559.png');                     ">
                </div>
                                                                            
                                <div data-alt="Meistara marka" class="tag tag-soap-7 " style="background-image: url('/uploads/sale/meistara-marka-7362.png');                     ">
                </div>
                                                                            
                                <div data-alt="Pastāvīgi izdevīga cena" class="tag tag-soap-61 " style="background-image: url('/uploads/sale/pastavigi-izdeviga-cena-3394.png');                     ">
                </div>
                            
                    </div>
        <div class="tags tags_primary info_icon">
            

        </div>

        <div class="info-notice">
            


                                                                                                        </div>

        <div class="img">
          <img alt="Torte BANĀNU-BIEZPIEN, 1,1 kg" src="/uploads/sale/2026/sales_page/02/09//torte-bananu-biezpien-00232-0209103025.png?1770625825">
        </div>
        <div class="text  custom-card icon-61     ">
            <div class="title">Torte BANĀNU-BIEZPIEN, 1,1 kg</div>
            <div class="pack">
                <span class="ptitle"></span>
                <span class="price"> </span>
            </div>
                    </div>
        <div class="infopop">
            <div class="in"><span></span>
                <div class="arrow_top"></div>
                <div class="arrow_bottom"></div>
            </div>
        </div>
    </div>
</div><div class="col-third offer-item">
    <div class="item bl_shadow product-243114 paldies-card custom-card offer-2-l-sp-sku units-price        product-border-edlp" data-product-id="243114" data-timeout="5" data-dates-interval="10.02. - 16.02.2026." tabindex="0" role="button">
                                                    <div class="discount price zilacena with-unit-price ">
            <div class="paldies-card-icon with-unit-price round-borders">
        <div class="t1-bg"></div>
        <img src="/images/front/sale/icons/zilacena.png" alt="Pastāvīgi izdevīga cena">
    </div>

    <div class="t1 with-unit-price paldies-card round-borders ">
        <span class="value">1</span>
        <span class="cents">99</span>
        <span class="eur">€</span>
        <span class="unit-price">16,58 €/kg</span>
    </div>

    
    <span class="vline"></span>
</div>                    		
        
        
        <div class="tags tags_primary bottom_icons">
                                                            
                                <div data-alt="Latvijas produkts" class="tag tag-soap-6 " style="background-image: url('/uploads/sale/latvijas-produkts-3559.png');                     ">
                </div>
                                                                            
                                <div data-alt="Meistara marka" class="tag tag-soap-7 " style="background-image: url('/uploads/sale/meistara-marka-7362.png');                     ">
                </div>
                                                                            
                                <div data-alt="Pastāvīgi izdevīga cena" class="tag tag-soap-61 " style="background-image: url('/uploads/sale/pastavigi-izdeviga-cena-3394.png');                     ">
                </div>
                            
                    </div>
        <div class="tags tags_primary info_icon">
            

        </div>

        <div class="info-notice">
            


                                                                                                        </div>

        <div class="img">
          <img alt="Eklēri ar karameļu krēmu, 1 iepak./2x 60 g" src="/uploads/sale/2026/sales_page/02/09//ekleri-ar-karamelu-kremu-00233-0209103025.png?1770625825">
        </div>
        <div class="text  custom-card icon-61     ">
            <div class="title">Eklēri ar karameļu krēmu, 1 iepak./2x 60 g</div>
            <div class="pack">
                <span class="ptitle"></span>
                <span class="price"> </span>
            </div>
                    </div>
        <div class="infopop">
            <div class="in"><span></span>
                <div class="arrow_top"></div>
                <div class="arrow_bottom"></div>
            </div>
        </div>
    </div>
</div><div class="col-third offer-item">
    <div class="item bl_shadow product-243115   offer-2-l-sp-sku units-price        " data-product-id="243115" data-timeout="5" data-dates-interval="10.02. - 16.02.2026." tabindex="0" role="button">
                                                    <div class="discount price with-unit-price ">
                                                                                        <div class="bottom-icon with-unit-price">
                                    <span class="bottom-icon-item icon-51 " style="background-image: url('/uploads/sale/zemo-ceno-grozs-9876.png')" data-code="500">
                                                    <span class="sign">-</span>
                            <span class="value">20</span>
                            <span class="per">%</span>
                                            </span>
                            </div>
            
                    <div class="t1 with-unit-price ">
            <span class="value">1</span>
            <span class="cents">59</span>
            <span class="eur">€</span>
            <span class="unit-price">14,45 €/kg</span>
        </div>
                    <div class="t2">
                <span class="value">1,99</span>
                <span class="eur">€</span>
            </div>
            <div class="t3 ">
                <span class="value">1</span>
                <span class="cents">99</span>
                <span class="eur">€</span>
                            </div>
            
    <span class="vline"></span>
</div>                    		
        
        
        <div class="tags tags_primary bottom_icons">
                                                            
                                <div data-alt="Latvijas produkts" class="tag tag-soap-6 " style="background-image: url('/uploads/sale/latvijas-produkts-3559.png');                     ">
                </div>
                                                                            
                                <div data-alt="Meistara marka" class="tag tag-soap-7 " style="background-image: url('/uploads/sale/meistara-marka-7362.png');                     ">
                </div>
                                            
                    </div>
        <div class="tags tags_primary info_icon">
            
    <div data-alt="Prece pieejama 10.02. - 16.02." class="tag i"></div>

        </div>

        <div class="info-notice">
            


                                                                                                        </div>

        <div class="img">
          <img alt="Deserts PISTĀCIJU TIRAMISU, 110 g" src="/uploads/sale/2026/sales_page/02/09//deserts-pistaciju-tiramisu-00234-0209103025.png?1770625825">
        </div>
        <div class="text       ">
            <div class="title">Deserts PISTĀCIJU TIRAMISU, 110 g</div>
            <div class="pack">
                <span class="ptitle"></span>
                <span class="price"> </span>
            </div>
                    </div>
        <div class="infopop">
            <div class="in"><span></span>
                <div class="arrow_top"></div>
                <div class="arrow_bottom"></div>
            </div>
        </div>
    </div>
</div><div class="col-third offer-item">
    <div class="item bl_shadow product-243116   offer-2-l-sp-sku units-price        " data-product-id="243116" data-timeout="5" data-dates-interval="10.02. - 16.02.2026." tabindex="0" role="button">
                                                    <div class="discount price with-unit-price ">
                                                                                        <div class="bottom-icon with-unit-price">
                                    
                    <span class="bottom-icon-item bottom-icon-image icon-45" style="background-image: url('/uploads/sale/tikai-new.svg?v3')" data-code="400"></span>
                            </div>
            
                    <div class="t1 with-unit-price ">
            <span class="value">2</span>
            <span class="cents">19</span>
            <span class="eur">€</span>
            <span class="unit-price">5,48 €/kg</span>
        </div>
                    <div class="t2">
                <span class="value">2,39</span>
                <span class="eur">€</span>
            </div>
            <div class="t3 ">
                <span class="value">2</span>
                <span class="cents">39</span>
                <span class="eur">€</span>
                            </div>
            
    <span class="vline"></span>
</div>                    		
        
        
        <div class="tags tags_primary bottom_icons">
                                                            
                                <div data-alt="Latvijas produkts" class="tag tag-soap-6 " style="background-image: url('/uploads/sale/latvijas-produkts-3559.png');                     ">
                </div>
                                                                            
                                <div data-alt="Meistara marka" class="tag tag-soap-7 " style="background-image: url('/uploads/sale/meistara-marka-7362.png');                     ">
                </div>
                                            
                    </div>
        <div class="tags tags_primary info_icon">
            
    <div data-alt="Prece pieejama 10.02. - 16.02." class="tag i"></div>

        </div>

        <div class="info-notice">
            


                                                                                                        </div>

        <div class="img">
          <img alt="Frikadeļu zupa, 400 g" src="/uploads/sale/2026/sales_page/02/09//frikadelu-zupa-00235-0209103025.png?1770625825">
        </div>
        <div class="text       ">
            <div class="title">Frikadeļu zupa, 400 g</div>
            <div class="pack">
                <span class="ptitle"></span>
                <span class="price"> </span>
            </div>
                    </div>
        <div class="infopop">
            <div class="in"><span></span>
                <div class="arrow_top"></div>
                <div class="arrow_bottom"></div>
            </div>
        </div>
    </div>
</div><div class="col-third offer-item">
    <div class="item bl_shadow product-243097 paldies-card custom-card offer-2-l-sp-sku units-price        product-border-edlp" data-product-id="243097" data-timeout="5" data-dates-interval="10.02. - 16.02.2026." tabindex="0" role="button">
                                                    <div class="discount price zilacena with-unit-price ">
            <div class="paldies-card-icon with-unit-price round-borders">
        <div class="t1-bg"></div>
        <img src="/images/front/sale/icons/zilacena.png" alt="Pastāvīgi izdevīga cena">
    </div>

    <div class="t1 with-unit-price paldies-card round-borders ">
        <span class="value">2</span>
        <span class="cents">99</span>
        <span class="eur">€</span>
        <span class="unit-price">5,98 €/kg</span>
    </div>

    
    <span class="vline"></span>
</div>                    		
        
        
        <div class="tags tags_primary bottom_icons">
                                                            
                                <div data-alt="Latvijas produkts" class="tag tag-soap-6 " style="background-image: url('/uploads/sale/latvijas-produkts-3559.png');                     ">
                </div>
                                                                            
                                <div data-alt="Meistara marka" class="tag tag-soap-7 " style="background-image: url('/uploads/sale/meistara-marka-7362.png');                     ">
                </div>
                                                                            
                                <div data-alt="Pastāvīgi izdevīga cena" class="tag tag-soap-61 " style="background-image: url('/uploads/sale/pastavigi-izdeviga-cena-3394.png');                     ">
                </div>
                            
                    </div>
        <div class="tags tags_primary info_icon">
            

        </div>

        <div class="info-notice">
            


                                                                                                        </div>

        <div class="img">
          <img alt="Rasols ar desu, 500 g" src="/uploads/sale/2026/sales_page/02/09//rasols-ar-desu-00236-0209103023.png?1770625823">
        </div>
        <div class="text  custom-card icon-61     ">
            <div class="title">Rasols ar desu, 500 g</div>
            <div class="pack">
                <span class="ptitle"></span>
                <span class="price"> </span>
            </div>
                    </div>
        <div class="infopop">
            <div class="in"><span></span>
                <div class="arrow_top"></div>
                <div class="arrow_bottom"></div>
            </div>
        </div>
    </div>
</div><div class="col-third offer-item">
    <div class="item bl_shadow product-243098   offer-2-l-sp-sku units-price        " data-product-id="243098" data-timeout="5" data-dates-interval="10.02. - 16.02.2026." tabindex="0" role="button">
                                                    <div class="discount price with-unit-price ">
                                                                                        <div class="bottom-icon with-unit-price">
                                    
                    <span class="bottom-icon-item bottom-icon-image icon-45" style="background-image: url('/uploads/sale/tikai-new.svg?v3')" data-code="400"></span>
                            </div>
            
                    <div class="t1 with-unit-price ">
            <span class="value">1</span>
            <span class="cents">69</span>
            <span class="eur">€</span>
            <span class="unit-price">8,45 €/kg</span>
        </div>
                    <div class="t2">
                <span class="value">1,99</span>
                <span class="eur">€</span>
            </div>
            <div class="t3 ">
                <span class="value">1</span>
                <span class="cents">99</span>
                <span class="eur">€</span>
                            </div>
            
    <span class="vline"></span>
</div>                    		
        
        
        <div class="tags tags_primary bottom_icons">
                                                            
                                <div data-alt="Latvijas produkts" class="tag tag-soap-6 " style="background-image: url('/uploads/sale/latvijas-produkts-3559.png');                     ">
                </div>
                                                                            
                                <div data-alt="Meistara marka" class="tag tag-soap-7 " style="background-image: url('/uploads/sale/meistara-marka-7362.png');                     ">
                </div>
                                            
                    </div>
        <div class="tags tags_primary info_icon">
            
    <div data-alt="Prece pieejama 10.02. - 16.02." class="tag i"></div>

        </div>

        <div class="info-notice">
            


                                                                                                        </div>

        <div class="img">
          <img alt="Siera salāti ar burkāniem, 200 g" src="/uploads/sale/2026/sales_page/02/09//siera-salati-ar-burkaniem-00237-0209103023.png?1770625823">
        </div>
        <div class="text       ">
            <div class="title">Siera salāti ar burkāniem, 200 g</div>
            <div class="pack">
                <span class="ptitle"></span>
                <span class="price"> </span>
            </div>
                    </div>
        <div class="infopop">
            <div class="in"><span></span>
                <div class="arrow_top"></div>
                <div class="arrow_bottom"></div>
            </div>
        </div>
    </div>
</div><div class="col-third offer-item">
    <div class="item bl_shadow product-243099   offer-2-l-sp-sku units-price        " data-product-id="243099" data-timeout="5" data-dates-interval="10.02. - 16.02.2026." tabindex="0" role="button">
                                                    <div class="discount price with-unit-price ">
                                                                                                                                                        <div class="bottom-icon with-unit-price">
                                    
                    <span class="bottom-icon-item bottom-icon-image icon-45" style="background-image: url('/uploads/sale/tikai-new.svg?v3')" data-code="400"></span>
                            </div>
            
                    <div class="t1 with-unit-price ">
            <span class="value">4</span>
            <span class="cents">49</span>
            <span class="eur">€</span>
            <span class="unit-price">9,98 €/kg</span>
        </div>
                    <div class="t2">
                <span class="value">5,49</span>
                <span class="eur">€</span>
            </div>
            <div class="t3 ">
                <span class="value">5</span>
                <span class="cents">49</span>
                <span class="eur">€</span>
                            </div>
            
    <span class="vline"></span>
</div>                    		
        
        
        <div class="tags tags_primary bottom_icons">
                                                            
                                <div data-alt="Prece pieejama MAXIMA XX veikalos" class="tag tag-soap-3 tag-shops" style="background-image: url('/uploads/sale/piedavajums-speka-maxima-xx-veikalos-6057.png');                     ">
                </div>
                                                                            
                                <div data-alt="Prece pieejama MAXIMA XXX veikalos" class="tag tag-soap-4 tag-shops" style="background-image: url('/uploads/sale/piedavajums-speka-maxima-xxx-veikalos-3117.png');                     ">
                </div>
                                                                            
                                <div data-alt="Latvijas produkts" class="tag tag-soap-6 " style="background-image: url('/uploads/sale/latvijas-produkts-3559.png');                     ">
                </div>
                                                                            
                                <div data-alt="Meistara marka" class="tag tag-soap-7 " style="background-image: url('/uploads/sale/meistara-marka-7362.png');                     ">
                </div>
                                            
                    </div>
        <div class="tags tags_primary info_icon">
            
    <div data-alt="Prece pieejama 10.02. - 16.02." class="tag i"></div>

        </div>

        <div class="info-notice">
            


                                                                                                                                                                </div>

        <div class="img">
          <img alt="Tunzivs un kūpināta laša salāti, 450 g" src="/uploads/sale/2026/sales_page/02/09//tunzivs-un-kupinata-lasa-salati-00238-0209103023.png?1770625823">
        </div>
        <div class="text       ">
            <div class="title">Tunzivs un kūpināta laša salāti, 450 g</div>
            <div class="pack">
                <span class="ptitle"></span>
                <span class="price"> </span>
            </div>
                    </div>
        <div class="infopop">
            <div class="in"><span></span>
                <div class="arrow_top"></div>
                <div class="arrow_bottom"></div>
            </div>
        </div>
    </div>
</div><div class="col-third offer-item">
    <div class="item bl_shadow product-243100   offer-2-l-sp-sku units-price        " data-product-id="243100" data-timeout="5" data-dates-interval="10.02. - 16.02.2026." tabindex="0" role="button">
                                                    <div class="discount price with-unit-price ">
                                                                                        <div class="bottom-icon with-unit-price">
                                    
                    <span class="bottom-icon-item bottom-icon-image icon-45" style="background-image: url('/uploads/sale/tikai-new.svg?v3')" data-code="400"></span>
                            </div>
            
                    <div class="t1 with-unit-price ">
            <span class="value">2</span>
            <span class="cents">99</span>
            <span class="eur">€</span>
            <span class="unit-price">9,97 €/kg</span>
        </div>
                    <div class="t2">
                <span class="value">3,49</span>
                <span class="eur">€</span>
            </div>
            <div class="t3 ">
                <span class="value">3</span>
                <span class="cents">49</span>
                <span class="eur">€</span>
                            </div>
            
    <span class="vline"></span>
</div>                    		
        
        
        <div class="tags tags_primary bottom_icons">
                                                            
                                <div data-alt="Latvijas produkts" class="tag tag-soap-6 " style="background-image: url('/uploads/sale/latvijas-produkts-3559.png');                     ">
                </div>
                                                                            
                                <div data-alt="Meistara marka" class="tag tag-soap-7 " style="background-image: url('/uploads/sale/meistara-marka-7362.png');                     ">
                </div>
                                            
                    </div>
        <div class="tags tags_primary info_icon">
            
    <div data-alt="Prece pieejama 10.02. - 16.02." class="tag i"></div>

        </div>

        <div class="info-notice">
            


                                                                                                        </div>

        <div class="img">
          <img alt="Zaļie salāti ar tunzivi, 300 g" src="/uploads/sale/2026/sales_page/02/09//zalie-salati-ar-tunzivi-00239-0209103023.png?1770625823">
        </div>
        <div class="text       ">
            <div class="title">Zaļie salāti ar tunzivi, 300 g</div>
            <div class="pack">
                <span class="ptitle"></span>
                <span class="price"> </span>
            </div>
                    </div>
        <div class="infopop">
            <div class="in"><span></span>
                <div class="arrow_top"></div>
                <div class="arrow_bottom"></div>
            </div>
        </div>
    </div>
</div><div class="col-third offer-item">
    <div class="item bl_shadow product-243101   offer-2-l-sp-sku units-price        " data-product-id="243101" data-timeout="5" data-dates-interval="10.02. - 16.02.2026." tabindex="0" role="button">
                                                    <div class="discount price with-unit-price ">
                                                                                        <div class="bottom-icon with-unit-price">
                                    
                    <span class="bottom-icon-item bottom-icon-image icon-45" style="background-image: url('/uploads/sale/tikai-new.svg?v3')" data-code="400"></span>
                            </div>
            
                    <div class="t1 with-unit-price ">
            <span class="value">2</span>
            <span class="cents">79</span>
            <span class="eur">€</span>
            <span class="unit-price">12,68 €/kg</span>
        </div>
                    <div class="t2">
                <span class="value">3,29</span>
                <span class="eur">€</span>
            </div>
            <div class="t3 ">
                <span class="value">3</span>
                <span class="cents">29</span>
                <span class="eur">€</span>
                            </div>
            
    <span class="vline"></span>
</div>                    		
        
        
        <div class="tags tags_primary bottom_icons">
                                                            
                                <div data-alt="Latvijas produkts" class="tag tag-soap-6 " style="background-image: url('/uploads/sale/latvijas-produkts-3559.png');                     ">
                </div>
                                                                            
                                <div data-alt="Meistara marka" class="tag tag-soap-7 " style="background-image: url('/uploads/sale/meistara-marka-7362.png');                     ">
                </div>
                                            
                    </div>
        <div class="tags tags_primary info_icon">
            
    <div data-alt="Prece pieejama 10.02. - 16.02." class="tag i"></div>

        </div>

        <div class="info-notice">
            


                                                                                                        </div>

        <div class="img">
          <img alt="Vraps ar Cēzara salātiem, 220 g" src="/uploads/sale/2026/sales_page/02/09//vraps-ar-cezara-salatiem-00240-0209103023.png?1770625823">
        </div>
        <div class="text       ">
            <div class="title">Vraps ar Cēzara salātiem, 220 g</div>
            <div class="pack">
                <span class="ptitle"></span>
                <span class="price"> </span>
            </div>
                    </div>
        <div class="infopop">
            <div class="in"><span></span>
                <div class="arrow_top"></div>
                <div class="arrow_bottom"></div>
            </div>
        </div>
    </div>
</div><div class="col-third offer-item">
    <div class="item bl_shadow product-243102   offer-2-l-sp-sku units-price        " data-product-id="243102" data-timeout="5" data-dates-interval="10.02. - 16.02.2026." tabindex="0" role="button">
                                                    <div class="discount price with-unit-price ">
                                                        <div class="bottom-icon with-unit-price">
                                    
                    <span class="bottom-icon-item bottom-icon-image icon-45" style="background-image: url('/uploads/sale/tikai-new.svg?v3')" data-code="400"></span>
                            </div>
            
                    <div class="t1 with-unit-price ">
            <span class="value">2</span>
            <span class="cents">09</span>
            <span class="eur">€</span>
            <span class="unit-price">10,45 €/kg</span>
        </div>
                    <div class="t2">
                <span class="value">2,59</span>
                <span class="eur">€</span>
            </div>
            <div class="t3 ">
                <span class="value">2</span>
                <span class="cents">59</span>
                <span class="eur">€</span>
                            </div>
            
    <span class="vline"></span>
</div>                    		
        
        
        <div class="tags tags_primary bottom_icons">
                                                            
                                <div data-alt="Meistara marka" class="tag tag-soap-7 " style="background-image: url('/uploads/sale/meistara-marka-7362.png');                     ">
                </div>
                                            
                    </div>
        <div class="tags tags_primary info_icon">
            
    <div data-alt="Prece pieejama 10.02. - 16.02." class="tag i"></div>

        </div>

        <div class="info-notice">
            


                                                                            </div>

        <div class="img">
          <img alt="Vistas gaļas kotletes, 1 iepak./2x 100 g" src="/uploads/sale/2026/sales_page/02/09//vistas-galas-kotletes-00241-0209103023.png?1770625823">
        </div>
        <div class="text       ">
            <div class="title">Vistas gaļas kotletes, 1 iepak./2x 100 g</div>
            <div class="pack">
                <span class="ptitle"></span>
                <span class="price"> </span>
            </div>
                    </div>
        <div class="infopop">
            <div class="in"><span></span>
                <div class="arrow_top"></div>
                <div class="arrow_bottom"></div>
            </div>
        </div>
    </div>
</div><div class="col-third offer-item">
    <div class="item bl_shadow product-243103   offer-2-l-sp-sku units-price        " data-product-id="243103" data-timeout="5" data-dates-interval="10.02. - 16.02.2026." tabindex="0" role="button">
                                                    <div class="discount price with-unit-price ">
                                                                                        <div class="bottom-icon with-unit-price">
                                    
                    <span class="bottom-icon-item bottom-icon-image icon-45" style="background-image: url('/uploads/sale/tikai-new.svg?v3')" data-code="400"></span>
                            </div>
            
                    <div class="t1 with-unit-price ">
            <span class="value">1</span>
            <span class="cents">29</span>
            <span class="eur">€</span>
            <span class="unit-price">6,45 €/kg</span>
        </div>
                    <div class="t2">
                <span class="value">1,59</span>
                <span class="eur">€</span>
            </div>
            <div class="t3 ">
                <span class="value">1</span>
                <span class="cents">59</span>
                <span class="eur">€</span>
                            </div>
            
    <span class="vline"></span>
</div>                    		
        
        
        <div class="tags tags_primary bottom_icons">
                                                            
                                <div data-alt="Latvijas produkts" class="tag tag-soap-6 " style="background-image: url('/uploads/sale/latvijas-produkts-3559.png');                     ">
                </div>
                                                                            
                                <div data-alt="Meistara marka" class="tag tag-soap-7 " style="background-image: url('/uploads/sale/meistara-marka-7362.png');                     ">
                </div>
                                            
                    </div>
        <div class="tags tags_primary info_icon">
            
    <div data-alt="Prece pieejama 10.02. - 16.02." class="tag i"></div>

        </div>

        <div class="info-notice">
            


                                                                                                        </div>

        <div class="img">
          <img alt="Makaronu salāti, 200 g" src="/uploads/sale/2026/sales_page/02/09//makaronu-salati-00242-0209103023.png?1770625823">
        </div>
        <div class="text       ">
            <div class="title">Makaronu salāti, 200 g</div>
            <div class="pack">
                <span class="ptitle"></span>
                <span class="price"> </span>
            </div>
                    </div>
        <div class="infopop">
            <div class="in"><span></span>
                <div class="arrow_top"></div>
                <div class="arrow_bottom"></div>
            </div>
        </div>
    </div>
</div><div class="col-third offer-item">
    <div class="item bl_shadow product-243104   offer-2-l-sp-sku units-price        " data-product-id="243104" data-timeout="5" data-dates-interval="10.02. - 16.02.2026." tabindex="0" role="button">
                                                    <div class="discount price with-unit-price ">
                                                                                                                                                        <div class="bottom-icon with-unit-price">
                                    
                    <span class="bottom-icon-item bottom-icon-image icon-45" style="background-image: url('/uploads/sale/tikai-new.svg?v3')" data-code="400"></span>
                            </div>
            
                    <div class="t1 with-unit-price ">
            <span class="value">2</span>
            <span class="cents">99</span>
            <span class="eur">€</span>
            <span class="unit-price">8,54 €/kg</span>
        </div>
                    <div class="t2">
                <span class="value">3,59</span>
                <span class="eur">€</span>
            </div>
            <div class="t3 ">
                <span class="value">3</span>
                <span class="cents">59</span>
                <span class="eur">€</span>
                            </div>
            
    <span class="vline"></span>
</div>                    		
        
        
        <div class="tags tags_primary bottom_icons">
                                                            
                                <div data-alt="Prece pieejama MAXIMA XX veikalos" class="tag tag-soap-3 tag-shops" style="background-image: url('/uploads/sale/piedavajums-speka-maxima-xx-veikalos-6057.png');                     ">
                </div>
                                                                            
                                <div data-alt="Prece pieejama MAXIMA XXX veikalos" class="tag tag-soap-4 tag-shops" style="background-image: url('/uploads/sale/piedavajums-speka-maxima-xxx-veikalos-3117.png');                     ">
                </div>
                                                                            
                                <div data-alt="Latvijas produkts" class="tag tag-soap-6 " style="background-image: url('/uploads/sale/latvijas-produkts-3559.png');                     ">
                </div>
                                                                            
                                <div data-alt="Meistara marka" class="tag tag-soap-7 " style="background-image: url('/uploads/sale/meistara-marka-7362.png');                     ">
                </div>
                                            
                    </div>
        <div class="tags tags_primary info_icon">
            
    <div data-alt="Prece pieejama 10.02. - 16.02." class="tag i"></div>

        </div>

        <div class="info-notice">
            


                                                                                                                                                                </div>

        <div class="img">
          <img alt="Kartupeļu sacepums ar gaļu, 350 g" src="/uploads/sale/2026/sales_page/02/09//kartupelu-sacepums-ar-galu-00243-0209103023.png?1770625823">
        </div>
        <div class="text       ">
            <div class="title">Kartupeļu sacepums ar gaļu, 350 g</div>
            <div class="pack">
                <span class="ptitle"></span>
                <span class="price"> </span>
            </div>
                    </div>
        <div class="infopop">
            <div class="in"><span></span>
                <div class="arrow_top"></div>
                <div class="arrow_bottom"></div>
            </div>
        </div>
    </div>
</div><div class="col-third offer-item">
    <div class="item bl_shadow product-243105   offer-2-l-sp-sku units-price        " data-product-id="243105" data-timeout="5" data-dates-interval="10.02. - 16.02.2026." tabindex="0" role="button">
                                                    <div class="discount price with-unit-price ">
                                                                                        <div class="bottom-icon with-unit-price">
                                    
                    <span class="bottom-icon-item bottom-icon-image icon-45" style="background-image: url('/uploads/sale/tikai-new.svg?v3')" data-code="400"></span>
                            </div>
            
                    <div class="t1 with-unit-price ">
            <span class="value">2</span>
            <span class="cents">69</span>
            <span class="eur">€</span>
            <span class="unit-price">7,69 €/kg</span>
        </div>
                    <div class="t2">
                <span class="value">2,99</span>
                <span class="eur">€</span>
            </div>
            <div class="t3 ">
                <span class="value">2</span>
                <span class="cents">99</span>
                <span class="eur">€</span>
                            </div>
            
    <span class="vline"></span>
</div>                    		
        
        
        <div class="tags tags_primary bottom_icons">
                                                            
                                <div data-alt="Latvijas produkts" class="tag tag-soap-6 " style="background-image: url('/uploads/sale/latvijas-produkts-3559.png');                     ">
                </div>
                                                                            
                                <div data-alt="Meistara marka" class="tag tag-soap-7 " style="background-image: url('/uploads/sale/meistara-marka-7362.png');                     ">
                </div>
                                            
                    </div>
        <div class="tags tags_primary info_icon">
            
    <div data-alt="Prece pieejama 10.02. - 16.02." class="tag i"></div>

        </div>

        <div class="info-notice">
            


                                                                                                        </div>

        <div class="img">
          <img alt="Cūkgaļas plovs, 350 g" src="/uploads/sale/2026/sales_page/02/09//cukgalas-plovs-00244-0209103023.png?1770625823">
        </div>
        <div class="text       ">
            <div class="title">Cūkgaļas plovs, 350 g</div>
            <div class="pack">
                <span class="ptitle"></span>
                <span class="price"> </span>
            </div>
                    </div>
        <div class="infopop">
            <div class="in"><span></span>
                <div class="arrow_top"></div>
                <div class="arrow_bottom"></div>
            </div>
        </div>
    </div>
</div><div class="col-third offer-item">
    <div class="item bl_shadow product-243106   offer-2-l-pd-sku         " data-product-id="243106" data-timeout="5" data-dates-interval="10.02. - 16.02.2026." tabindex="0" role="button">
                                                    <div class="discount percents">
                                                                                                            <div class="percents_wrapper">
        <span class="sign">-</span><span class="value">20</span><span class="per">%</span>
    </div>
    <span class="vline"></span>
</div>                    		
        
        
        <div class="tags tags_primary bottom_icons">
                                                            
                                <div data-alt="Prece pieejama MAXIMA XX veikalos" class="tag tag-soap-3 tag-shops" style="background-image: url('/uploads/sale/piedavajums-speka-maxima-xx-veikalos-6057.png');                     ">
                </div>
                                                                            
                                <div data-alt="Prece pieejama MAXIMA XXX veikalos" class="tag tag-soap-4 tag-shops" style="background-image: url('/uploads/sale/piedavajums-speka-maxima-xxx-veikalos-3117.png');                     ">
                </div>
                                                                            
                                <div data-alt="Latvijas produkts" class="tag tag-soap-6 " style="background-image: url('/uploads/sale/latvijas-produkts-3559.png');                     ">
                </div>
                            
                    </div>
        <div class="tags tags_primary info_icon">
            
    <div data-alt="Cena pie preces norādīta ar atlaidi.&lt;br&gt;Prece pieejama 10.02. - 16.02." class="tag i"></div>

        </div>

        <div class="info-notice">
            


                                                                                                        </div>

        <div class="img">
          <img alt="Kulinārijas gaļas izstrādājumiem LIDO" src="/uploads/sale/2026/sales_page/02/09//kulinarijas-galas-izstradajumiem-lido-00245-0209103023.png?1770625823">
        </div>
        <div class="text   discount-type    ">
            <div class="title">Kulinārijas gaļas izstrādājumiem LIDO</div>
            <div class="pack">
                <span class="ptitle"></span>
                <span class="price"> </span>
            </div>
                    </div>
        <div class="infopop">
            <div class="in"><span></span>
                <div class="arrow_top"></div>
                <div class="arrow_bottom"></div>
            </div>
        </div>
    </div>
</div><div class="col-third offer-item">
    <div class="item bl_shadow product-243459 paldies-card  offer-2-l-sp-sku units-price        " data-product-id="243459" data-timeout="5" data-dates-interval="10.02. - 16.02.2026." tabindex="0" role="button">
                                                    <div class="discount price with-unit-price ">
                                                                            <div class="paldies-card-icon with-unit-price">
                        <img src="/images/front/icons/paldies2-icon.png" alt="Paldies">
                    </div>
                                
                    <div class="t1 with-unit-price paldies-card">
            <span class="value">2</span>
            <span class="cents">09</span>
            <span class="eur">€</span>
            <span class="unit-price">13,95 €/kg</span>
        </div>
                    <div class="t2">
                <span class="value">2,79</span>
                <span class="eur">€</span>
            </div>
            <div class="t3 with-unit-price">
                <span class="value">2</span>
                <span class="cents">79</span>
                <span class="eur">€</span>
                <span class="unit-price">18,60 €/kg</span>            </div>
            
    <span class="vline"></span>
</div>                    		
        
        
        <div class="tags tags_primary bottom_icons">
                                                            
                                <div data-alt="Atlaide ar PALDIES karti" class="tag tag-soap-2 " style="background-image: url('/uploads/sale/atlaide-ar-paldies-karti-7358.png');                     ">
                </div>
                            
                    </div>
        <div class="tags tags_primary info_icon">
            

        </div>

        <div class="info-notice">
            


                                                </div>

        <div class="img">
          <img alt="Biskvītkūka BARNI ar pildījumu, 150 g, trīs veidi" src="/uploads/sale/2026/sales_page/02/09//biskvitkuka-barni-ar-pildijumu-00291-0209103139.png?1770625899">
        </div>
        <div class="text paldies-card      ">
            <div class="title">Biskvītkūka BARNI ar pildījumu, 150 g, trīs veidi</div>
            <div class="pack">
                <span class="ptitle"></span>
                <span class="price"> 18,60 €/kg</span>
            </div>
                    </div>
        <div class="infopop">
            <div class="in"><span></span>
                <div class="arrow_top"></div>
                <div class="arrow_bottom"></div>
            </div>
        </div>
    </div>
</div><div class="col-third offer-item">
    <div class="item bl_shadow product-243460 paldies-card  offer-2-l-sp-sku units-price        " data-product-id="243460" data-timeout="5" data-dates-interval="10.02. - 16.02.2026." tabindex="0" role="button">
                                                    <div class="discount price with-unit-price ">
                                                                            <div class="paldies-card-icon with-unit-price">
                        <img src="/images/front/icons/paldies2-icon.png" alt="Paldies">
                    </div>
                                
                    <div class="t1 with-unit-price paldies-card">
            <span class="value">4</span>
            <span class="cents">35</span>
            <span class="eur">€</span>
            <span class="unit-price">no 39,55 €/kg</span>
        </div>
                    <div class="t2">
                <span class="value">6,19</span>
                <span class="eur">€</span>
            </div>
            <div class="t3 with-unit-price">
                <span class="value">6</span>
                <span class="cents">19</span>
                <span class="eur">€</span>
                <span class="unit-price">no 56,27 €/kg</span>            </div>
            
    <span class="vline"></span>
</div>                    		
        
        
        <div class="tags tags_primary bottom_icons">
                                                            
                                <div data-alt="Atlaide ar PALDIES karti" class="tag tag-soap-2 " style="background-image: url('/uploads/sale/atlaide-ar-paldies-karti-7358.png');                     ">
                </div>
                            
                    </div>
        <div class="tags tags_primary info_icon">
            

        </div>

        <div class="info-notice">
            


                                                </div>

        <div class="img">
          <img alt="Garšvielu maisījums SANTA MARIA, 78 g, 80 g vai 110 g, trīs veidi" src="/uploads/sale/2026/sales_page/02/09//garsvielu-maisijums-santa-maria-00292-0209103139.png?1770625899">
        </div>
        <div class="text paldies-card      ">
            <div class="title">Garšvielu maisījums SANTA MARIA, 78 g, 80 g vai 110 g, trīs veidi</div>
            <div class="pack">
                <span class="ptitle"></span>
                <span class="price"> no 56,27 €/kg</span>
            </div>
                    </div>
        <div class="infopop">
            <div class="in"><span></span>
                <div class="arrow_top"></div>
                <div class="arrow_bottom"></div>
            </div>
        </div>
    </div>
</div><div class="col-third offer-item">
    <div class="item bl_shadow product-243461 paldies-card  offer-2-l-sp-sku units-price        " data-product-id="243461" data-timeout="5" data-dates-interval="10.02. - 16.02.2026." tabindex="0" role="button">
                                                    <div class="discount price with-unit-price ">
                                                                            <div class="paldies-card-icon with-unit-price">
                        <img src="/images/front/icons/paldies2-icon.png" alt="Paldies">
                    </div>
                                                                                                
                    <div class="t1 with-unit-price paldies-card">
            <span class="value">2</span>
            <span class="cents">59</span>
            <span class="eur">€</span>
            <span class="unit-price">6,91 €/kg</span>
        </div>
                    <div class="t2">
                <span class="value">3,89</span>
                <span class="eur">€</span>
            </div>
            <div class="t3 with-unit-price">
                <span class="value">3</span>
                <span class="cents">89</span>
                <span class="eur">€</span>
                <span class="unit-price">10,37 €/kg</span>            </div>
            
    <span class="vline"></span>
</div>                    		
        
        
        <div class="tags tags_primary bottom_icons">
                                                            
                                <div data-alt="Atlaide ar PALDIES karti" class="tag tag-soap-2 " style="background-image: url('/uploads/sale/atlaide-ar-paldies-karti-7358.png');                     ">
                </div>
                                                                            
                                <div data-alt="Prece pieejama MAXIMA XX veikalos" class="tag tag-soap-3 tag-shops" style="background-image: url('/uploads/sale/piedavajums-speka-maxima-xx-veikalos-6057.png');                     ">
                </div>
                                                                            
                                <div data-alt="Prece pieejama MAXIMA XXX veikalos" class="tag tag-soap-4 tag-shops" style="background-image: url('/uploads/sale/piedavajums-speka-maxima-xxx-veikalos-3117.png');                     ">
                </div>
                            
                    </div>
        <div class="tags tags_primary info_icon">
            

        </div>

        <div class="info-notice">
            


                                                                                                        </div>

        <div class="img">
          <img alt="Brokastu pārslas OHO COOKIE vai BANANA PILLOWS, 375 g" src="/uploads/sale/2026/sales_page/02/09//brokastu-parslas-oho-cookie-vai-banana-pillows-00293-0209103139.png?1770625899">
        </div>
        <div class="text paldies-card      ">
            <div class="title">Brokastu pārslas OHO COOKIE vai BANANA PILLOWS, 375 g</div>
            <div class="pack">
                <span class="ptitle"></span>
                <span class="price"> 10,37 €/kg</span>
            </div>
                    </div>
        <div class="infopop">
            <div class="in"><span></span>
                <div class="arrow_top"></div>
                <div class="arrow_bottom"></div>
            </div>
        </div>
    </div>
</div><div class="col-third offer-item">
    <div class="item bl_shadow product-243462 paldies-card  offer-2-l-sp-sku units-price        " data-product-id="243462" data-timeout="5" data-dates-interval="10.02. - 16.02.2026." tabindex="0" role="button">
                                                    <div class="discount price with-unit-price ">
                                                                            <div class="paldies-card-icon with-unit-price">
                        <img src="/images/front/icons/paldies2-icon.png" alt="Paldies">
                    </div>
                                
                    <div class="t1 with-unit-price paldies-card">
            <span class="value">0</span>
            <span class="cents">39</span>
            <span class="eur">€</span>
            <span class="unit-price">15,60 €/kg</span>
        </div>
                    <div class="t2">
                <span class="value">0,59</span>
                <span class="eur">€</span>
            </div>
            <div class="t3 with-unit-price">
                <span class="value">0</span>
                <span class="cents">59</span>
                <span class="eur">€</span>
                <span class="unit-price">23,60 €/kg</span>            </div>
            
    <span class="vline"></span>
</div>                    		
        
        
        <div class="tags tags_primary bottom_icons">
                                                            
                                <div data-alt="Atlaide ar PALDIES karti" class="tag tag-soap-2 " style="background-image: url('/uploads/sale/atlaide-ar-paldies-karti-7358.png');                     ">
                </div>
                            
                    </div>
        <div class="tags tags_primary info_icon">
            

        </div>

        <div class="info-notice">
            


                                                </div>

        <div class="img">
          <img alt="Graudu batoniņš NESTLE NESQUIK VAI CINI-MINIS, 25 g" src="/uploads/sale/2026/sales_page/02/09//graudu-batonins-nestle-nesquik-vai-cini-minis-00294-0209103139.png?1770625899">
        </div>
        <div class="text paldies-card      ">
            <div class="title">Graudu batoniņš NESTLE NESQUIK VAI CINI-MINIS, 25 g</div>
            <div class="pack">
                <span class="ptitle"></span>
                <span class="price"> 23,60 €/kg</span>
            </div>
                    </div>
        <div class="infopop">
            <div class="in"><span></span>
                <div class="arrow_top"></div>
                <div class="arrow_bottom"></div>
            </div>
        </div>
    </div>
</div><div class="col-third offer-item">
    <div class="item bl_shadow product-243463   offer-2-l-sp-sku units-price        " data-product-id="243463" data-timeout="5" data-dates-interval="10.02. - 16.02.2026." tabindex="0" role="button">
                                                    <div class="discount price with-unit-price ">
                                                        <div class="bottom-icon with-unit-price">
                                    
                    <span class="bottom-icon-item bottom-icon-image icon-47" style="background-image: url('/uploads/sale/2-gab-4304.png')" data-code="400"></span>
                            </div>
            
                    <div class="t1 with-unit-price ">
            <span class="value">2</span>
            <span class="cents">00</span>
            <span class="eur">€</span>
            <span class="unit-price">10,00 €/kg</span>
        </div>
                    <div class="t2">
                <span class="value">4,78</span>
                <span class="eur">€</span>
            </div>
            <div class="t3 ">
                <span class="value">4</span>
                <span class="cents">78</span>
                <span class="eur">€</span>
                            </div>
            
    <span class="vline"></span>
</div>                    		
        
        
        <div class="tags tags_primary bottom_icons">
                                                            
                                <div data-alt="Latvijas produkts" class="tag tag-soap-6 " style="background-image: url('/uploads/sale/latvijas-produkts-3559.png');                     ">
                </div>
                                            
                    </div>
        <div class="tags tags_primary info_icon">
            
    <div data-alt="Prece pieejama 10.02. - 16.02." class="tag i"></div>

        </div>

        <div class="info-notice">
            


                                                                            </div>

        <div class="img">
          <img alt="Kraukšķi ĀDAŽU SALMIŅI vai SIERA BUMBAS, 2x 100 g" src="/uploads/sale/2026/sales_page/02/09//kraukski-adazu-salmini-vai-siera-bumbas-00295-0209103139.png?1770625899">
        </div>
        <div class="text       ">
            <div class="title">Kraukšķi ĀDAŽU SALMIŅI vai SIERA BUMBAS, 2x 100 g</div>
            <div class="pack">
                <span class="ptitle"></span>
                <span class="price"> </span>
            </div>
                    </div>
        <div class="infopop">
            <div class="in"><span></span>
                <div class="arrow_top"></div>
                <div class="arrow_bottom"></div>
            </div>
        </div>
    </div>
</div><div class="col-third offer-item">
    <div class="item bl_shadow product-243464 paldies-card  offer-2-l-sp-sku units-price        " data-product-id="243464" data-timeout="5" data-dates-interval="10.02. - 16.02.2026." tabindex="0" role="button">
                                                    <div class="discount price with-unit-price ">
                                                                            <div class="paldies-card-icon with-unit-price">
                        <img src="/images/front/icons/paldies2-icon.png" alt="Paldies">
                    </div>
                                
                    <div class="t1 with-unit-price paldies-card">
            <span class="value">1</span>
            <span class="cents">49</span>
            <span class="eur">€</span>
            <span class="unit-price">11,46 €/kg</span>
        </div>
                    <div class="t2">
                <span class="value">2,55</span>
                <span class="eur">€</span>
            </div>
            <div class="t3 with-unit-price">
                <span class="value">2</span>
                <span class="cents">55</span>
                <span class="eur">€</span>
                <span class="unit-price">19,62 €/kg</span>            </div>
            
    <span class="vline"></span>
</div>                    		
        
        
        <div class="tags tags_primary bottom_icons">
                                                            
                                <div data-alt="Atlaide ar PALDIES karti" class="tag tag-soap-2 " style="background-image: url('/uploads/sale/atlaide-ar-paldies-karti-7358.png');                     ">
                </div>
                            
                    </div>
        <div class="tags tags_primary info_icon">
            

        </div>

        <div class="info-notice">
            


                                                </div>

        <div class="img">
          <img alt="Kartupeļu čipsi LAY'S ar krējuma-garšaugu vai siera garšu, 130 g" src="/uploads/sale/2026/sales_page/02/09//kartupelu-cipsi-lay-s-ar-krejuma-garsaugu-vai-siera-garsu-00296-0209103139.png?1770625899">
        </div>
        <div class="text paldies-card      ">
            <div class="title">Kartupeļu čipsi LAY'S ar krējuma-garšaugu vai siera garšu, 130 g</div>
            <div class="pack">
                <span class="ptitle"></span>
                <span class="price"> 19,62 €/kg</span>
            </div>
                    </div>
        <div class="infopop">
            <div class="in"><span></span>
                <div class="arrow_top"></div>
                <div class="arrow_bottom"></div>
            </div>
        </div>
    </div>
</div><div class="col-third offer-item">
    <div class="item bl_shadow product-243465 paldies-card  offer-2-l-sp-sku units-price        " data-product-id="243465" data-timeout="5" data-dates-interval="10.02. - 16.02.2026." tabindex="0" role="button">
                                                    <div class="discount price with-unit-price ">
                                                                            <div class="paldies-card-icon with-unit-price">
                        <img src="/images/front/icons/paldies2-icon.png" alt="Paldies">
                    </div>
                                                                                                
                    <div class="t1 with-unit-price paldies-card">
            <span class="value">1</span>
            <span class="cents">69</span>
            <span class="eur">€</span>
            <span class="unit-price">9,94 €/kg</span>
        </div>
                    <div class="t2">
                <span class="value">2,79</span>
                <span class="eur">€</span>
            </div>
            <div class="t3 with-unit-price">
                <span class="value">2</span>
                <span class="cents">79</span>
                <span class="eur">€</span>
                <span class="unit-price">16,41 €/kg</span>            </div>
            
    <span class="vline"></span>
</div>                    		
        
        
        <div class="tags tags_primary bottom_icons">
                                                            
                                <div data-alt="Atlaide ar PALDIES karti" class="tag tag-soap-2 " style="background-image: url('/uploads/sale/atlaide-ar-paldies-karti-7358.png');                     ">
                </div>
                                                                            
                                <div data-alt="Prece pieejama MAXIMA XX veikalos" class="tag tag-soap-3 tag-shops" style="background-image: url('/uploads/sale/piedavajums-speka-maxima-xx-veikalos-6057.png');                     ">
                </div>
                                                                            
                                <div data-alt="Prece pieejama MAXIMA XXX veikalos" class="tag tag-soap-4 tag-shops" style="background-image: url('/uploads/sale/piedavajums-speka-maxima-xxx-veikalos-3117.png');                     ">
                </div>
                            
                    </div>
        <div class="tags tags_primary info_icon">
            

        </div>

        <div class="info-notice">
            


                                                                                                        </div>

        <div class="img">
          <img alt="Čipsi ESTRELLA ar gailenēm un sieru vai sviestu un sāli, 170 g" src="/uploads/sale/2026/sales_page/02/09//cipsi-estrella-ar-gailenem-un-sieru-vai-sviestu-un-sali-00297-0209103139.png?1770625899">
        </div>
        <div class="text paldies-card      ">
            <div class="title">Čipsi ESTRELLA ar gailenēm un sieru vai sviestu un sāli, 170 g</div>
            <div class="pack">
                <span class="ptitle"></span>
                <span class="price"> 16,41 €/kg</span>
            </div>
                    </div>
        <div class="infopop">
            <div class="in"><span></span>
                <div class="arrow_top"></div>
                <div class="arrow_bottom"></div>
            </div>
        </div>
    </div>
</div><div class="col-third offer-item">
    <div class="item bl_shadow product-243466 paldies-card  offer-2-l-sp-sku units-price        " data-product-id="243466" data-timeout="5" data-dates-interval="10.02. - 16.02.2026." tabindex="0" role="button">
                                                    <div class="discount price with-unit-price ">
                                                                            <div class="paldies-card-icon with-unit-price">
                        <img src="/images/front/icons/paldies2-icon.png" alt="Paldies">
                    </div>
                                
                    <div class="t1 with-unit-price paldies-card">
            <span class="value">1</span>
            <span class="cents">79</span>
            <span class="eur">€</span>
            <span class="unit-price">12,79 €/kg</span>
        </div>
                    <div class="t2">
                <span class="value">2,99</span>
                <span class="eur">€</span>
            </div>
            <div class="t3 with-unit-price">
                <span class="value">2</span>
                <span class="cents">99</span>
                <span class="eur">€</span>
                <span class="unit-price">21,36 €/kg</span>            </div>
            
    <span class="vline"></span>
</div>                    		
        
        
        <div class="tags tags_primary bottom_icons">
                                                            
                                <div data-alt="Atlaide ar PALDIES karti" class="tag tag-soap-2 " style="background-image: url('/uploads/sale/atlaide-ar-paldies-karti-7358.png');                     ">
                </div>
                            
                    </div>
        <div class="tags tags_primary info_icon">
            

        </div>

        <div class="info-notice">
            


                                                </div>

        <div class="img">
          <img alt="Zemesrieksti ESTRELLA, 140 g, trīs veidi" src="/uploads/sale/2026/sales_page/02/09//zemesrieksti-estrella-00298-0209103139.png?1770625899">
        </div>
        <div class="text paldies-card      ">
            <div class="title">Zemesrieksti ESTRELLA, 140 g, trīs veidi</div>
            <div class="pack">
                <span class="ptitle"></span>
                <span class="price"> 21,36 €/kg</span>
            </div>
                    </div>
        <div class="infopop">
            <div class="in"><span></span>
                <div class="arrow_top"></div>
                <div class="arrow_bottom"></div>
            </div>
        </div>
    </div>
</div><div class="col-third offer-item">
    <div class="item bl_shadow product-243467 paldies-card  offer-2-l-sp-sku units-price        " data-product-id="243467" data-timeout="5" data-dates-interval="10.02. - 16.02.2026." tabindex="0" role="button">
                                                    <div class="discount price with-unit-price ">
                                                                            <div class="paldies-card-icon with-unit-price">
                        <img src="/images/front/icons/paldies2-icon.png" alt="Paldies">
                    </div>
                                
                    <div class="t1 with-unit-price paldies-card">
            <span class="value">2</span>
            <span class="cents">09</span>
            <span class="eur">€</span>
            <span class="unit-price">6,97 €/kg</span>
        </div>
                    <div class="t2">
                <span class="value">3,39</span>
                <span class="eur">€</span>
            </div>
            <div class="t3 with-unit-price">
                <span class="value">3</span>
                <span class="cents">39</span>
                <span class="eur">€</span>
                <span class="unit-price">11,30 €/kg</span>            </div>
            
    <span class="vline"></span>
</div>                    		
        
        
        <div class="tags tags_primary bottom_icons">
                                                            
                                <div data-alt="Atlaide ar PALDIES karti" class="tag tag-soap-2 " style="background-image: url('/uploads/sale/atlaide-ar-paldies-karti-7358.png');                     ">
                </div>
                            
                    </div>
        <div class="tags tags_primary info_icon">
            

        </div>

        <div class="info-notice">
            


                                                </div>

        <div class="img">
          <img alt="Žāvētas dateles bez kauliņiem ARIMEX PREMIUM, 300 g" src="/uploads/sale/2026/sales_page/02/09//zavetas-dateles-bez-kauliniem-arimex-premium-00299-0209103139.png?1770625899">
        </div>
        <div class="text paldies-card      ">
            <div class="title">Žāvētas dateles bez kauliņiem ARIMEX PREMIUM, 300 g</div>
            <div class="pack">
                <span class="ptitle"></span>
                <span class="price"> 11,30 €/kg</span>
            </div>
                    </div>
        <div class="infopop">
            <div class="in"><span></span>
                <div class="arrow_top"></div>
                <div class="arrow_bottom"></div>
            </div>
        </div>
    </div>
</div><div class="col-third offer-item">
    <div class="item bl_shadow product-243457 paldies-card  offer-2-l-sp-sku units-price        " data-product-id="243457" data-timeout="5" data-dates-interval="10.02. - 16.02.2026." tabindex="0" role="button">
                                                    <div class="discount price with-unit-price ">
                                                                            <div class="paldies-card-icon with-unit-price">
                        <img src="/images/front/icons/paldies2-icon.png" alt="Paldies">
                    </div>
                                
                    <div class="t1 with-unit-price paldies-card">
            <span class="value">2</span>
            <span class="cents">19</span>
            <span class="eur">€</span>
            <span class="unit-price">4,38 €/kg</span>
        </div>
                    <div class="t2">
                <span class="value">2,85</span>
                <span class="eur">€</span>
            </div>
            <div class="t3 with-unit-price">
                <span class="value">2</span>
                <span class="cents">85</span>
                <span class="eur">€</span>
                <span class="unit-price">5,70 €/kg</span>            </div>
            
    <span class="vline"></span>
</div>                    		
        
        
        <div class="tags tags_primary bottom_icons">
                                                            
                                <div data-alt="Atlaide ar PALDIES karti" class="tag tag-soap-2 " style="background-image: url('/uploads/sale/atlaide-ar-paldies-karti-7358.png');                     ">
                </div>
                            
                    </div>
        <div class="tags tags_primary info_icon">
            

        </div>

        <div class="info-notice">
            


                                                </div>

        <div class="img">
          <img alt="Rozīnes ARIMEX, 500 g" src="/uploads/sale/2026/sales_page/02/09//rozines-arimex-00300-0209103137.png?1770625897">
        </div>
        <div class="text paldies-card      ">
            <div class="title">Rozīnes ARIMEX, 500 g</div>
            <div class="pack">
                <span class="ptitle"></span>
                <span class="price"> 5,70 €/kg</span>
            </div>
                    </div>
        <div class="infopop">
            <div class="in"><span></span>
                <div class="arrow_top"></div>
                <div class="arrow_bottom"></div>
            </div>
        </div>
    </div>
</div><div class="col-third offer-item">
    <div class="item bl_shadow product-243338 paldies-card custom-card offer-2-l-sp-sku units-price        product-border-edlp" data-product-id="243338" data-timeout="5" data-dates-interval="10.02. - 16.02.2026." tabindex="0" role="button">
                                                    <div class="discount price zilacena with-unit-price ">
            <div class="paldies-card-icon with-unit-price round-borders">
        <div class="t1-bg"></div>
        <img src="/images/front/sale/icons/zilacena.png" alt="Pastāvīgi izdevīga cena">
    </div>

    <div class="t1 with-unit-price paldies-card round-borders ">
        <span class="value">4</span>
        <span class="cents">39</span>
        <span class="eur">€</span>
        <span class="unit-price">43,90 €/kg</span>
    </div>

    
    <span class="vline"></span>
</div>                    		
        
        
        <div class="tags tags_primary bottom_icons">
                                                            
                                <div data-alt="Pastāvīgi izdevīga cena" class="tag tag-soap-61 " style="background-image: url('/uploads/sale/pastavigi-izdeviga-cena-3394.png');                     ">
                </div>
                            
                    </div>
        <div class="tags tags_primary info_icon">
            

        </div>

        <div class="info-notice">
            


                                                </div>

        <div class="img">
          <img alt="Augļu tēja LOYD, 1 iepak./50x 2 g, aveņu-zemeņu vai meža ogu" src="/uploads/sale/2026/sales_page/02/09//auglu-teja-loyd-00301-0209103110.png?1770625870">
        </div>
        <div class="text  custom-card icon-61     ">
            <div class="title">Augļu tēja LOYD, 1 iepak./50x 2 g, aveņu-zemeņu vai meža ogu</div>
            <div class="pack">
                <span class="ptitle"></span>
                <span class="price"> </span>
            </div>
                    </div>
        <div class="infopop">
            <div class="in"><span></span>
                <div class="arrow_top"></div>
                <div class="arrow_bottom"></div>
            </div>
        </div>
    </div>
</div><div class="col-third offer-item">
    <div class="item bl_shadow product-243339 paldies-card  offer-2-l-sp-sku units-price        " data-product-id="243339" data-timeout="5" data-dates-interval="10.02. - 16.02.2026." tabindex="0" role="button">
                                                    <div class="discount price with-unit-price ">
                                                                            <div class="paldies-card-icon with-unit-price">
                        <img src="/images/front/icons/paldies2-icon.png" alt="Paldies">
                    </div>
                                
                    <div class="t1 with-unit-price paldies-card">
            <span class="value">2</span>
            <span class="cents">09</span>
            <span class="eur">€</span>
            <span class="unit-price">20,90 €/kg</span>
        </div>
                    <div class="t2">
                <span class="value">2,85</span>
                <span class="eur">€</span>
            </div>
            <div class="t3 with-unit-price">
                <span class="value">2</span>
                <span class="cents">85</span>
                <span class="eur">€</span>
                <span class="unit-price">28,50 €/kg</span>            </div>
            
    <span class="vline"></span>
</div>                    		
        
        
        <div class="tags tags_primary bottom_icons">
                                                            
                                <div data-alt="Atlaide ar PALDIES karti" class="tag tag-soap-2 " style="background-image: url('/uploads/sale/atlaide-ar-paldies-karti-7358.png');                     ">
                </div>
                            
                    </div>
        <div class="tags tags_primary info_icon">
            

        </div>

        <div class="info-notice">
            


                                                </div>

        <div class="img">
          <img alt="Tēja MOŽUMS, 100 g, trīs veidi" src="/uploads/sale/2026/sales_page/02/09//teja-mozums-00302-0209103110.png?1770625870">
        </div>
        <div class="text paldies-card      ">
            <div class="title">Tēja MOŽUMS, 100 g, trīs veidi</div>
            <div class="pack">
                <span class="ptitle"></span>
                <span class="price"> 28,50 €/kg</span>
            </div>
                    </div>
        <div class="infopop">
            <div class="in"><span></span>
                <div class="arrow_top"></div>
                <div class="arrow_bottom"></div>
            </div>
        </div>
    </div>
</div><div class="col-third offer-item">
    <div class="item bl_shadow product-243340 paldies-card  offer-2-l-sp-sku units-price        " data-product-id="243340" data-timeout="5" data-dates-interval="10.02. - 16.02.2026." tabindex="0" role="button">
                                                    <div class="discount price with-unit-price ">
                                                                            <div class="paldies-card-icon with-unit-price">
                        <img src="/images/front/icons/paldies2-icon.png" alt="Paldies">
                    </div>
                                
                    <div class="t1 with-unit-price paldies-card">
            <span class="value">4</span>
            <span class="cents">99</span>
            <span class="eur">€</span>
            <span class="unit-price">24,95 €/kg</span>
        </div>
                    <div class="t2">
                <span class="value">7,99</span>
                <span class="eur">€</span>
            </div>
            <div class="t3 with-unit-price">
                <span class="value">7</span>
                <span class="cents">99</span>
                <span class="eur">€</span>
                <span class="unit-price">39,95 €/kg</span>            </div>
            
    <span class="vline"></span>
</div>                    		
        
        
        <div class="tags tags_primary bottom_icons">
                                                            
                                <div data-alt="Atlaide ar PALDIES karti" class="tag tag-soap-2 " style="background-image: url('/uploads/sale/atlaide-ar-paldies-karti-7358.png');                     ">
                </div>
                            
                    </div>
        <div class="tags tags_primary info_icon">
            

        </div>

        <div class="info-notice">
            


                                                </div>

        <div class="img">
          <img alt="Melnā tēja LIPTON YELLOW LABEL, 1 iepak./100x 2 g" src="/uploads/sale/2026/sales_page/02/09//melna-teja-lipton-yellow-label-00303-0209103110.png?1770625870">
        </div>
        <div class="text paldies-card      ">
            <div class="title">Melnā tēja LIPTON YELLOW LABEL, 1 iepak./100x 2 g</div>
            <div class="pack">
                <span class="ptitle"></span>
                <span class="price"> 39,95 €/kg</span>
            </div>
                    </div>
        <div class="infopop">
            <div class="in"><span></span>
                <div class="arrow_top"></div>
                <div class="arrow_bottom"></div>
            </div>
        </div>
    </div>
</div><div class="col-third offer-item">
    <div class="item bl_shadow product-243341 paldies-card custom-card offer-2-l-sp-sku         product-border-edlp" data-product-id="243341" data-timeout="5" data-dates-interval="10.02. - 16.02.2026." tabindex="0" role="button">
                                                    <div class="discount price zilacena  ">
            <div class="paldies-card-icon  round-borders">
        <div class="t1-bg"></div>
        <img src="/images/front/sale/icons/zilacena.png" alt="Pastāvīgi izdevīga cena">
    </div>

    <div class="t1  paldies-card round-borders two-digts">
        <span class="value">18</span>
        <span class="cents">99</span>
        <span class="eur">€</span>
        <span class="unit-price"></span>
    </div>

    
    <span class="vline"></span>
</div>                    		
        
        
        <div class="tags tags_primary bottom_icons">
                                                            
                                <div data-alt="Prece pieejama MAXIMA XX veikalos" class="tag tag-soap-3 tag-shops" style="background-image: url('/uploads/sale/piedavajums-speka-maxima-xx-veikalos-6057.png');                     ">
                </div>
                                                                            
                                <div data-alt="Prece pieejama MAXIMA XXX veikalos" class="tag tag-soap-4 tag-shops" style="background-image: url('/uploads/sale/piedavajums-speka-maxima-xxx-veikalos-3117.png');                     ">
                </div>
                                                                            
                                <div data-alt="Pastāvīgi izdevīga cena" class="tag tag-soap-61 " style="background-image: url('/uploads/sale/pastavigi-izdeviga-cena-3394.png');                     ">
                </div>
                            
                    </div>
        <div class="tags tags_primary info_icon">
            

        </div>

        <div class="info-notice">
            


                                                                                                        </div>

        <div class="img">
          <img alt="Kafijas pupiņas TCHIBO ORIGINAL vai MEDIUM ROAST, 1 kg" src="/uploads/sale/2026/sales_page/02/09//kafijas-pupinas-tchibo-original-vai-medium-roast-00304-0209103110.png?1770625870">
        </div>
        <div class="text  custom-card icon-61     ">
            <div class="title">Kafijas pupiņas TCHIBO ORIGINAL vai MEDIUM ROAST, 1 kg</div>
            <div class="pack">
                <span class="ptitle"></span>
                <span class="price"> </span>
            </div>
                    </div>
        <div class="infopop">
            <div class="in"><span></span>
                <div class="arrow_top"></div>
                <div class="arrow_bottom"></div>
            </div>
        </div>
    </div>
</div><div class="col-third offer-item">
    <div class="item bl_shadow product-243342 paldies-card custom-card offer-2-l-sp-sku         product-border-edlp" data-product-id="243342" data-timeout="5" data-dates-interval="10.02. - 16.02.2026." tabindex="0" role="button">
                                                    <div class="discount price zilacena  ">
            <div class="paldies-card-icon  round-borders">
        <div class="t1-bg"></div>
        <img src="/images/front/sale/icons/zilacena.png" alt="Pastāvīgi izdevīga cena">
    </div>

    <div class="t1  paldies-card round-borders two-digts">
        <span class="value">21</span>
        <span class="cents">49</span>
        <span class="eur">€</span>
        <span class="unit-price"></span>
    </div>

    
    <span class="vline"></span>
</div>                    		
        
        
        <div class="tags tags_primary bottom_icons">
                                                            
                                <div data-alt="Pastāvīgi izdevīga cena" class="tag tag-soap-61 " style="background-image: url('/uploads/sale/pastavigi-izdeviga-cena-3394.png');                     ">
                </div>
                            
                    </div>
        <div class="tags tags_primary info_icon">
            

        </div>

        <div class="info-notice">
            


                                                </div>

        <div class="img">
          <img alt="Kafijas pupiņas LAVAZZA ROSSA vai CREMA E AROMA, 1 kg" src="/uploads/sale/2026/sales_page/02/09//kafijas-pupinas-lavazza-rossa-vai-crema-e-aroma-00305-0209103110.png?1770625870">
        </div>
        <div class="text  custom-card icon-61     ">
            <div class="title">Kafijas pupiņas LAVAZZA ROSSA vai CREMA E AROMA, 1 kg</div>
            <div class="pack">
                <span class="ptitle"></span>
                <span class="price"> </span>
            </div>
                    </div>
        <div class="infopop">
            <div class="in"><span></span>
                <div class="arrow_top"></div>
                <div class="arrow_bottom"></div>
            </div>
        </div>
    </div>
</div><div class="col-third offer-item">
    <div class="item bl_shadow product-243459 paldies-card  offer-2-l-sp-sku units-price        " data-product-id="243459" data-timeout="5" data-dates-interval="10.02. - 16.02.2026." tabindex="0" role="button">
                                                    <div class="discount price with-unit-price ">
                                                                            <div class="paldies-card-icon with-unit-price">
                        <img src="/images/front/icons/paldies2-icon.png" alt="Paldies">
                    </div>
                                
                    <div class="t1 with-unit-price paldies-card">
            <span class="value">2</span>
            <span class="cents">09</span>
            <span class="eur">€</span>
            <span class="unit-price">13,95 €/kg</span>
        </div>
                    <div class="t2">
                <span class="value">2,79</span>
                <span class="eur">€</span>
            </div>
            <div class="t3 with-unit-price">
                <span class="value">2</span>
                <span class="cents">79</span>
                <span class="eur">€</span>
                <span class="unit-price">18,60 €/kg</span>            </div>
            
    <span class="vline"></span>
</div>                    		
        
        
        <div class="tags tags_primary bottom_icons">
                                                            
                                <div data-alt="Atlaide ar PALDIES karti" class="tag tag-soap-2 " style="background-image: url('/uploads/sale/atlaide-ar-paldies-karti-7358.png');                     ">
                </div>
                            
                    </div>
        <div class="tags tags_primary info_icon">
            

        </div>

        <div class="info-notice">
            


                                                </div>

        <div class="img">
          <img alt="Biskvītkūka BARNI ar pildījumu, 150 g, trīs veidi" src="/uploads/sale/2026/sales_page/02/09//biskvitkuka-barni-ar-pildijumu-00291-0209103139.png?1770625899">
        </div>
        <div class="text paldies-card      ">
            <div class="title">Biskvītkūka BARNI ar pildījumu, 150 g, trīs veidi</div>
            <div class="pack">
                <span class="ptitle"></span>
                <span class="price"> 18,60 €/kg</span>
            </div>
                    </div>
        <div class="infopop">
            <div class="in"><span></span>
                <div class="arrow_top"></div>
                <div class="arrow_bottom"></div>
            </div>
        </div>
    </div>
</div><div class="col-third offer-item">
    <div class="item bl_shadow product-243460 paldies-card  offer-2-l-sp-sku units-price        " data-product-id="243460" data-timeout="5" data-dates-interval="10.02. - 16.02.2026." tabindex="0" role="button">
                                                    <div class="discount price with-unit-price ">
                                                                            <div class="paldies-card-icon with-unit-price">
                        <img src="/images/front/icons/paldies2-icon.png" alt="Paldies">
                    </div>
                                
                    <div class="t1 with-unit-price paldies-card">
            <span class="value">4</span>
            <span class="cents">35</span>
            <span class="eur">€</span>
            <span class="unit-price">no 39,55 €/kg</span>
        </div>
                    <div class="t2">
                <span class="value">6,19</span>
                <span class="eur">€</span>
            </div>
            <div class="t3 with-unit-price">
                <span class="value">6</span>
                <span class="cents">19</span>
                <span class="eur">€</span>
                <span class="unit-price">no 56,27 €/kg</span>            </div>
            
    <span class="vline"></span>
</div>                    		
        
        
        <div class="tags tags_primary bottom_icons">
                                                            
                                <div data-alt="Atlaide ar PALDIES karti" class="tag tag-soap-2 " style="background-image: url('/uploads/sale/atlaide-ar-paldies-karti-7358.png');                     ">
                </div>
                            
                    </div>
        <div class="tags tags_primary info_icon">
            

        </div>

        <div class="info-notice">
            


                                                </div>

        <div class="img">
          <img alt="Garšvielu maisījums SANTA MARIA, 78 g, 80 g vai 110 g, trīs veidi" src="/uploads/sale/2026/sales_page/02/09//garsvielu-maisijums-santa-maria-00292-0209103139.png?1770625899">
        </div>
        <div class="text paldies-card      ">
            <div class="title">Garšvielu maisījums SANTA MARIA, 78 g, 80 g vai 110 g, trīs veidi</div>
            <div class="pack">
                <span class="ptitle"></span>
                <span class="price"> no 56,27 €/kg</span>
            </div>
                    </div>
        <div class="infopop">
            <div class="in"><span></span>
                <div class="arrow_top"></div>
                <div class="arrow_bottom"></div>
            </div>
        </div>
    </div>
</div><div class="col-third offer-item">
    <div class="item bl_shadow product-243461 paldies-card  offer-2-l-sp-sku units-price        " data-product-id="243461" data-timeout="5" data-dates-interval="10.02. - 16.02.2026." tabindex="0" role="button">
                                                    <div class="discount price with-unit-price ">
                                                                            <div class="paldies-card-icon with-unit-price">
                        <img src="/images/front/icons/paldies2-icon.png" alt="Paldies">
                    </div>
                                                                                                
                    <div class="t1 with-unit-price paldies-card">
            <span class="value">2</span>
            <span class="cents">59</span>
            <span class="eur">€</span>
            <span class="unit-price">6,91 €/kg</span>
        </div>
                    <div class="t2">
                <span class="value">3,89</span>
                <span class="eur">€</span>
            </div>
            <div class="t3 with-unit-price">
                <span class="value">3</span>
                <span class="cents">89</span>
                <span class="eur">€</span>
                <span class="unit-price">10,37 €/kg</span>            </div>
            
    <span class="vline"></span>
</div>                    		
        
        
        <div class="tags tags_primary bottom_icons">
                                                            
                                <div data-alt="Atlaide ar PALDIES karti" class="tag tag-soap-2 " style="background-image: url('/uploads/sale/atlaide-ar-paldies-karti-7358.png');                     ">
                </div>
                                                                            
                                <div data-alt="Prece pieejama MAXIMA XX veikalos" class="tag tag-soap-3 tag-shops" style="background-image: url('/uploads/sale/piedavajums-speka-maxima-xx-veikalos-6057.png');                     ">
                </div>
                                                                            
                                <div data-alt="Prece pieejama MAXIMA XXX veikalos" class="tag tag-soap-4 tag-shops" style="background-image: url('/uploads/sale/piedavajums-speka-maxima-xxx-veikalos-3117.png');                     ">
                </div>
                            
                    </div>
        <div class="tags tags_primary info_icon">
            

        </div>

        <div class="info-notice">
            


                                                                                                        </div>

        <div class="img">
          <img alt="Brokastu pārslas OHO COOKIE vai BANANA PILLOWS, 375 g" src="/uploads/sale/2026/sales_page/02/09//brokastu-parslas-oho-cookie-vai-banana-pillows-00293-0209103139.png?1770625899">
        </div>
        <div class="text paldies-card      ">
            <div class="title">Brokastu pārslas OHO COOKIE vai BANANA PILLOWS, 375 g</div>
            <div class="pack">
                <span class="ptitle"></span>
                <span class="price"> 10,37 €/kg</span>
            </div>
                    </div>
        <div class="infopop">
            <div class="in"><span></span>
                <div class="arrow_top"></div>
                <div class="arrow_bottom"></div>
            </div>
        </div>
    </div>
</div><div class="col-third offer-item">
    <div class="item bl_shadow product-243462 paldies-card  offer-2-l-sp-sku units-price        " data-product-id="243462" data-timeout="5" data-dates-interval="10.02. - 16.02.2026." tabindex="0" role="button">
                                                    <div class="discount price with-unit-price ">
                                                                            <div class="paldies-card-icon with-unit-price">
                        <img src="/images/front/icons/paldies2-icon.png" alt="Paldies">
                    </div>
                                
                    <div class="t1 with-unit-price paldies-card">
            <span class="value">0</span>
            <span class="cents">39</span>
            <span class="eur">€</span>
            <span class="unit-price">15,60 €/kg</span>
        </div>
                    <div class="t2">
                <span class="value">0,59</span>
                <span class="eur">€</span>
            </div>
            <div class="t3 with-unit-price">
                <span class="value">0</span>
                <span class="cents">59</span>
                <span class="eur">€</span>
                <span class="unit-price">23,60 €/kg</span>            </div>
            
    <span class="vline"></span>
</div>                    		
        
        
        <div class="tags tags_primary bottom_icons">
                                                            
                                <div data-alt="Atlaide ar PALDIES karti" class="tag tag-soap-2 " style="background-image: url('/uploads/sale/atlaide-ar-paldies-karti-7358.png');                     ">
                </div>
                            
                    </div>
        <div class="tags tags_primary info_icon">
            

        </div>

        <div class="info-notice">
            


                                                </div>

        <div class="img">
          <img alt="Graudu batoniņš NESTLE NESQUIK VAI CINI-MINIS, 25 g" src="/uploads/sale/2026/sales_page/02/09//graudu-batonins-nestle-nesquik-vai-cini-minis-00294-0209103139.png?1770625899">
        </div>
        <div class="text paldies-card      ">
            <div class="title">Graudu batoniņš NESTLE NESQUIK VAI CINI-MINIS, 25 g</div>
            <div class="pack">
                <span class="ptitle"></span>
                <span class="price"> 23,60 €/kg</span>
            </div>
                    </div>
        <div class="infopop">
            <div class="in"><span></span>
                <div class="arrow_top"></div>
                <div class="arrow_bottom"></div>
            </div>
        </div>
    </div>
</div><div class="col-third offer-item">
    <div class="item bl_shadow product-243463   offer-2-l-sp-sku units-price        " data-product-id="243463" data-timeout="5" data-dates-interval="10.02. - 16.02.2026." tabindex="0" role="button">
                                                    <div class="discount price with-unit-price ">
                                                        <div class="bottom-icon with-unit-price">
                                    
                    <span class="bottom-icon-item bottom-icon-image icon-47" style="background-image: url('/uploads/sale/2-gab-4304.png')" data-code="400"></span>
                            </div>
            
                    <div class="t1 with-unit-price ">
            <span class="value">2</span>
            <span class="cents">00</span>
            <span class="eur">€</span>
            <span class="unit-price">10,00 €/kg</span>
        </div>
                    <div class="t2">
                <span class="value">4,78</span>
                <span class="eur">€</span>
            </div>
            <div class="t3 ">
                <span class="value">4</span>
                <span class="cents">78</span>
                <span class="eur">€</span>
                            </div>
            
    <span class="vline"></span>
</div>                    		
        
        
        <div class="tags tags_primary bottom_icons">
                                                            
                                <div data-alt="Latvijas produkts" class="tag tag-soap-6 " style="background-image: url('/uploads/sale/latvijas-produkts-3559.png');                     ">
                </div>
                                            
                    </div>
        <div class="tags tags_primary info_icon">
            
    <div data-alt="Prece pieejama 10.02. - 16.02." class="tag i"></div>

        </div>

        <div class="info-notice">
            


                                                                            </div>

        <div class="img">
          <img alt="Kraukšķi ĀDAŽU SALMIŅI vai SIERA BUMBAS, 2x 100 g" src="/uploads/sale/2026/sales_page/02/09//kraukski-adazu-salmini-vai-siera-bumbas-00295-0209103139.png?1770625899">
        </div>
        <div class="text       ">
            <div class="title">Kraukšķi ĀDAŽU SALMIŅI vai SIERA BUMBAS, 2x 100 g</div>
            <div class="pack">
                <span class="ptitle"></span>
                <span class="price"> </span>
            </div>
                    </div>
        <div class="infopop">
            <div class="in"><span></span>
                <div class="arrow_top"></div>
                <div class="arrow_bottom"></div>
            </div>
        </div>
    </div>
</div><div class="col-third offer-item">
    <div class="item bl_shadow product-243464 paldies-card  offer-2-l-sp-sku units-price        " data-product-id="243464" data-timeout="5" data-dates-interval="10.02. - 16.02.2026." tabindex="0" role="button">
                                                    <div class="discount price with-unit-price ">
                                                                            <div class="paldies-card-icon with-unit-price">
                        <img src="/images/front/icons/paldies2-icon.png" alt="Paldies">
                    </div>
                                
                    <div class="t1 with-unit-price paldies-card">
            <span class="value">1</span>
            <span class="cents">49</span>
            <span class="eur">€</span>
            <span class="unit-price">11,46 €/kg</span>
        </div>
                    <div class="t2">
                <span class="value">2,55</span>
                <span class="eur">€</span>
            </div>
            <div class="t3 with-unit-price">
                <span class="value">2</span>
                <span class="cents">55</span>
                <span class="eur">€</span>
                <span class="unit-price">19,62 €/kg</span>            </div>
            
    <span class="vline"></span>
</div>                    		
        
        
        <div class="tags tags_primary bottom_icons">
                                                            
                                <div data-alt="Atlaide ar PALDIES karti" class="tag tag-soap-2 " style="background-image: url('/uploads/sale/atlaide-ar-paldies-karti-7358.png');                     ">
                </div>
                            
                    </div>
        <div class="tags tags_primary info_icon">
            

        </div>

        <div class="info-notice">
            


                                                </div>

        <div class="img">
          <img alt="Kartupeļu čipsi LAY'S ar krējuma-garšaugu vai siera garšu, 130 g" src="/uploads/sale/2026/sales_page/02/09//kartupelu-cipsi-lay-s-ar-krejuma-garsaugu-vai-siera-garsu-00296-0209103139.png?1770625899">
        </div>
        <div class="text paldies-card      ">
            <div class="title">Kartupeļu čipsi LAY'S ar krējuma-garšaugu vai siera garšu, 130 g</div>
            <div class="pack">
                <span class="ptitle"></span>
                <span class="price"> 19,62 €/kg</span>
            </div>
                    </div>
        <div class="infopop">
            <div class="in"><span></span>
                <div class="arrow_top"></div>
                <div class="arrow_bottom"></div>
            </div>
        </div>
    </div>
</div><div class="col-third offer-item">
    <div class="item bl_shadow product-243465 paldies-card  offer-2-l-sp-sku units-price        " data-product-id="243465" data-timeout="5" data-dates-interval="10.02. - 16.02.2026." tabindex="0" role="button">
                                                    <div class="discount price with-unit-price ">
                                                                            <div class="paldies-card-icon with-unit-price">
                        <img src="/images/front/icons/paldies2-icon.png" alt="Paldies">
                    </div>
                                                                                                
                    <div class="t1 with-unit-price paldies-card">
            <span class="value">1</span>
            <span class="cents">69</span>
            <span class="eur">€</span>
            <span class="unit-price">9,94 €/kg</span>
        </div>
                    <div class="t2">
                <span class="value">2,79</span>
                <span class="eur">€</span>
            </div>
            <div class="t3 with-unit-price">
                <span class="value">2</span>
                <span class="cents">79</span>
                <span class="eur">€</span>
                <span class="unit-price">16,41 €/kg</span>            </div>
            
    <span class="vline"></span>
</div>                    		
        
        
        <div class="tags tags_primary bottom_icons">
                                                            
                                <div data-alt="Atlaide ar PALDIES karti" class="tag tag-soap-2 " style="background-image: url('/uploads/sale/atlaide-ar-paldies-karti-7358.png');                     ">
                </div>
                                                                            
                                <div data-alt="Prece pieejama MAXIMA XX veikalos" class="tag tag-soap-3 tag-shops" style="background-image: url('/uploads/sale/piedavajums-speka-maxima-xx-veikalos-6057.png');                     ">
                </div>
                                                                            
                                <div data-alt="Prece pieejama MAXIMA XXX veikalos" class="tag tag-soap-4 tag-shops" style="background-image: url('/uploads/sale/piedavajums-speka-maxima-xxx-veikalos-3117.png');                     ">
                </div>
                            
                    </div>
        <div class="tags tags_primary info_icon">
            

        </div>

        <div class="info-notice">
            


                                                                                                        </div>

        <div class="img">
          <img alt="Čipsi ESTRELLA ar gailenēm un sieru vai sviestu un sāli, 170 g" src="/uploads/sale/2026/sales_page/02/09//cipsi-estrella-ar-gailenem-un-sieru-vai-sviestu-un-sali-00297-0209103139.png?1770625899">
        </div>
        <div class="text paldies-card      ">
            <div class="title">Čipsi ESTRELLA ar gailenēm un sieru vai sviestu un sāli, 170 g</div>
            <div class="pack">
                <span class="ptitle"></span>
                <span class="price"> 16,41 €/kg</span>
            </div>
                    </div>
        <div class="infopop">
            <div class="in"><span></span>
                <div class="arrow_top"></div>
                <div class="arrow_bottom"></div>
            </div>
        </div>
    </div>
</div><div class="col-third offer-item">
    <div class="item bl_shadow product-243466 paldies-card  offer-2-l-sp-sku units-price        " data-product-id="243466" data-timeout="5" data-dates-interval="10.02. - 16.02.2026." tabindex="0" role="button">
                                                    <div class="discount price with-unit-price ">
                                                                            <div class="paldies-card-icon with-unit-price">
                        <img src="/images/front/icons/paldies2-icon.png" alt="Paldies">
                    </div>
                                
                    <div class="t1 with-unit-price paldies-card">
            <span class="value">1</span>
            <span class="cents">79</span>
            <span class="eur">€</span>
            <span class="unit-price">12,79 €/kg</span>
        </div>
                    <div class="t2">
                <span class="value">2,99</span>
                <span class="eur">€</span>
            </div>
            <div class="t3 with-unit-price">
                <span class="value">2</span>
                <span class="cents">99</span>
                <span class="eur">€</span>
                <span class="unit-price">21,36 €/kg</span>            </div>
            
    <span class="vline"></span>
</div>                    		
        
        
        <div class="tags tags_primary bottom_icons">
                                                            
                                <div data-alt="Atlaide ar PALDIES karti" class="tag tag-soap-2 " style="background-image: url('/uploads/sale/atlaide-ar-paldies-karti-7358.png');                     ">
                </div>
                            
                    </div>
        <div class="tags tags_primary info_icon">
            

        </div>

        <div class="info-notice">
            


                                                </div>

        <div class="img">
          <img alt="Zemesrieksti ESTRELLA, 140 g, trīs veidi" src="/uploads/sale/2026/sales_page/02/09//zemesrieksti-estrella-00298-0209103139.png?1770625899">
        </div>
        <div class="text paldies-card      ">
            <div class="title">Zemesrieksti ESTRELLA, 140 g, trīs veidi</div>
            <div class="pack">
                <span class="ptitle"></span>
                <span class="price"> 21,36 €/kg</span>
            </div>
                    </div>
        <div class="infopop">
            <div class="in"><span></span>
                <div class="arrow_top"></div>
                <div class="arrow_bottom"></div>
            </div>
        </div>
    </div>
</div><div class="col-third offer-item">
    <div class="item bl_shadow product-243467 paldies-card  offer-2-l-sp-sku units-price        " data-product-id="243467" data-timeout="5" data-dates-interval="10.02. - 16.02.2026." tabindex="0" role="button">
                                                    <div class="discount price with-unit-price ">
                                                                            <div class="paldies-card-icon with-unit-price">
                        <img src="/images/front/icons/paldies2-icon.png" alt="Paldies">
                    </div>
                                
                    <div class="t1 with-unit-price paldies-card">
            <span class="value">2</span>
            <span class="cents">09</span>
            <span class="eur">€</span>
            <span class="unit-price">6,97 €/kg</span>
        </div>
                    <div class="t2">
                <span class="value">3,39</span>
                <span class="eur">€</span>
            </div>
            <div class="t3 with-unit-price">
                <span class="value">3</span>
                <span class="cents">39</span>
                <span class="eur">€</span>
                <span class="unit-price">11,30 €/kg</span>            </div>
            
    <span class="vline"></span>
</div>                    		
        
        
        <div class="tags tags_primary bottom_icons">
                                                            
                                <div data-alt="Atlaide ar PALDIES karti" class="tag tag-soap-2 " style="background-image: url('/uploads/sale/atlaide-ar-paldies-karti-7358.png');                     ">
                </div>
                            
                    </div>
        <div class="tags tags_primary info_icon">
            

        </div>

        <div class="info-notice">
            


                                                </div>

        <div class="img">
          <img alt="Žāvētas dateles bez kauliņiem ARIMEX PREMIUM, 300 g" src="/uploads/sale/2026/sales_page/02/09//zavetas-dateles-bez-kauliniem-arimex-premium-00299-0209103139.png?1770625899">
        </div>
        <div class="text paldies-card      ">
            <div class="title">Žāvētas dateles bez kauliņiem ARIMEX PREMIUM, 300 g</div>
            <div class="pack">
                <span class="ptitle"></span>
                <span class="price"> 11,30 €/kg</span>
            </div>
                    </div>
        <div class="infopop">
            <div class="in"><span></span>
                <div class="arrow_top"></div>
                <div class="arrow_bottom"></div>
            </div>
        </div>
    </div>
</div><div class="col-third offer-item">
    <div class="item bl_shadow product-243457 paldies-card  offer-2-l-sp-sku units-price        " data-product-id="243457" data-timeout="5" data-dates-interval="10.02. - 16.02.2026." tabindex="0" role="button">
                                                    <div class="discount price with-unit-price ">
                                                                            <div class="paldies-card-icon with-unit-price">
                        <img src="/images/front/icons/paldies2-icon.png" alt="Paldies">
                    </div>
                                
                    <div class="t1 with-unit-price paldies-card">
            <span class="value">2</span>
            <span class="cents">19</span>
            <span class="eur">€</span>
            <span class="unit-price">4,38 €/kg</span>
        </div>
                    <div class="t2">
                <span class="value">2,85</span>
                <span class="eur">€</span>
            </div>
            <div class="t3 with-unit-price">
                <span class="value">2</span>
                <span class="cents">85</span>
                <span class="eur">€</span>
                <span class="unit-price">5,70 €/kg</span>            </div>
            
    <span class="vline"></span>
</div>                    		
        
        
        <div class="tags tags_primary bottom_icons">
                                                            
                                <div data-alt="Atlaide ar PALDIES karti" class="tag tag-soap-2 " style="background-image: url('/uploads/sale/atlaide-ar-paldies-karti-7358.png');                     ">
                </div>
                            
                    </div>
        <div class="tags tags_primary info_icon">
            

        </div>

        <div class="info-notice">
            


                                                </div>

        <div class="img">
          <img alt="Rozīnes ARIMEX, 500 g" src="/uploads/sale/2026/sales_page/02/09//rozines-arimex-00300-0209103137.png?1770625897">
        </div>
        <div class="text paldies-card      ">
            <div class="title">Rozīnes ARIMEX, 500 g</div>
            <div class="pack">
                <span class="ptitle"></span>
                <span class="price"> 5,70 €/kg</span>
            </div>
                    </div>
        <div class="infopop">
            <div class="in"><span></span>
                <div class="arrow_top"></div>
                <div class="arrow_bottom"></div>
            </div>
        </div>
    </div>
</div><div class="col-third offer-item">
    <div class="item bl_shadow product-243338 paldies-card custom-card offer-2-l-sp-sku units-price        product-border-edlp" data-product-id="243338" data-timeout="5" data-dates-interval="10.02. - 16.02.2026." tabindex="0" role="button">
                                                    <div class="discount price zilacena with-unit-price ">
            <div class="paldies-card-icon with-unit-price round-borders">
        <div class="t1-bg"></div>
        <img src="/images/front/sale/icons/zilacena.png" alt="Pastāvīgi izdevīga cena">
    </div>

    <div class="t1 with-unit-price paldies-card round-borders ">
        <span class="value">4</span>
        <span class="cents">39</span>
        <span class="eur">€</span>
        <span class="unit-price">43,90 €/kg</span>
    </div>

    
    <span class="vline"></span>
</div>                    		
        
        
        <div class="tags tags_primary bottom_icons">
                                                            
                                <div data-alt="Pastāvīgi izdevīga cena" class="tag tag-soap-61 " style="background-image: url('/uploads/sale/pastavigi-izdeviga-cena-3394.png');                     ">
                </div>
                            
                    </div>
        <div class="tags tags_primary info_icon">
            

        </div>

        <div class="info-notice">
            


                                                </div>

        <div class="img">
          <img alt="Augļu tēja LOYD, 1 iepak./50x 2 g, aveņu-zemeņu vai meža ogu" src="/uploads/sale/2026/sales_page/02/09//auglu-teja-loyd-00301-0209103110.png?1770625870">
        </div>
        <div class="text  custom-card icon-61     ">
            <div class="title">Augļu tēja LOYD, 1 iepak./50x 2 g, aveņu-zemeņu vai meža ogu</div>
            <div class="pack">
                <span class="ptitle"></span>
                <span class="price"> </span>
            </div>
                    </div>
        <div class="infopop">
            <div class="in"><span></span>
                <div class="arrow_top"></div>
                <div class="arrow_bottom"></div>
            </div>
        </div>
    </div>
</div><div class="col-third offer-item">
    <div class="item bl_shadow product-243339 paldies-card  offer-2-l-sp-sku units-price        " data-product-id="243339" data-timeout="5" data-dates-interval="10.02. - 16.02.2026." tabindex="0" role="button">
                                                    <div class="discount price with-unit-price ">
                                                                            <div class="paldies-card-icon with-unit-price">
                        <img src="/images/front/icons/paldies2-icon.png" alt="Paldies">
                    </div>
                                
                    <div class="t1 with-unit-price paldies-card">
            <span class="value">2</span>
            <span class="cents">09</span>
            <span class="eur">€</span>
            <span class="unit-price">20,90 €/kg</span>
        </div>
                    <div class="t2">
                <span class="value">2,85</span>
                <span class="eur">€</span>
            </div>
            <div class="t3 with-unit-price">
                <span class="value">2</span>
                <span class="cents">85</span>
                <span class="eur">€</span>
                <span class="unit-price">28,50 €/kg</span>            </div>
            
    <span class="vline"></span>
</div>                    		
        
        
        <div class="tags tags_primary bottom_icons">
                                                            
                                <div data-alt="Atlaide ar PALDIES karti" class="tag tag-soap-2 " style="background-image: url('/uploads/sale/atlaide-ar-paldies-karti-7358.png');                     ">
                </div>
                            
                    </div>
        <div class="tags tags_primary info_icon">
            

        </div>

        <div class="info-notice">
            


                                                </div>

        <div class="img">
          <img alt="Tēja MOŽUMS, 100 g, trīs veidi" src="/uploads/sale/2026/sales_page/02/09//teja-mozums-00302-0209103110.png?1770625870">
        </div>
        <div class="text paldies-card      ">
            <div class="title">Tēja MOŽUMS, 100 g, trīs veidi</div>
            <div class="pack">
                <span class="ptitle"></span>
                <span class="price"> 28,50 €/kg</span>
            </div>
                    </div>
        <div class="infopop">
            <div class="in"><span></span>
                <div class="arrow_top"></div>
                <div class="arrow_bottom"></div>
            </div>
        </div>
    </div>
</div><div class="col-third offer-item">
    <div class="item bl_shadow product-243340 paldies-card  offer-2-l-sp-sku units-price        " data-product-id="243340" data-timeout="5" data-dates-interval="10.02. - 16.02.2026." tabindex="0" role="button">
                                                    <div class="discount price with-unit-price ">
                                                                            <div class="paldies-card-icon with-unit-price">
                        <img src="/images/front/icons/paldies2-icon.png" alt="Paldies">
                    </div>
                                
                    <div class="t1 with-unit-price paldies-card">
            <span class="value">4</span>
            <span class="cents">99</span>
            <span class="eur">€</span>
            <span class="unit-price">24,95 €/kg</span>
        </div>
                    <div class="t2">
                <span class="value">7,99</span>
                <span class="eur">€</span>
            </div>
            <div class="t3 with-unit-price">
                <span class="value">7</span>
                <span class="cents">99</span>
                <span class="eur">€</span>
                <span class="unit-price">39,95 €/kg</span>            </div>
            
    <span class="vline"></span>
</div>                    		
        
        
        <div class="tags tags_primary bottom_icons">
                                                            
                                <div data-alt="Atlaide ar PALDIES karti" class="tag tag-soap-2 " style="background-image: url('/uploads/sale/atlaide-ar-paldies-karti-7358.png');                     ">
                </div>
                            
                    </div>
        <div class="tags tags_primary info_icon">
            

        </div>

        <div class="info-notice">
            


                                                </div>

        <div class="img">
          <img alt="Melnā tēja LIPTON YELLOW LABEL, 1 iepak./100x 2 g" src="/uploads/sale/2026/sales_page/02/09//melna-teja-lipton-yellow-label-00303-0209103110.png?1770625870">
        </div>
        <div class="text paldies-card      ">
            <div class="title">Melnā tēja LIPTON YELLOW LABEL, 1 iepak./100x 2 g</div>
            <div class="pack">
                <span class="ptitle"></span>
                <span class="price"> 39,95 €/kg</span>
            </div>
                    </div>
        <div class="infopop">
            <div class="in"><span></span>
                <div class="arrow_top"></div>
                <div class="arrow_bottom"></div>
            </div>
        </div>
    </div>
</div><div class="col-third offer-item">
    <div class="item bl_shadow product-243341 paldies-card custom-card offer-2-l-sp-sku         product-border-edlp" data-product-id="243341" data-timeout="5" data-dates-interval="10.02. - 16.02.2026." tabindex="0" role="button">
                                                    <div class="discount price zilacena  ">
            <div class="paldies-card-icon  round-borders">
        <div class="t1-bg"></div>
        <img src="/images/front/sale/icons/zilacena.png" alt="Pastāvīgi izdevīga cena">
    </div>

    <div class="t1  paldies-card round-borders two-digts">
        <span class="value">18</span>
        <span class="cents">99</span>
        <span class="eur">€</span>
        <span class="unit-price"></span>
    </div>

    
    <span class="vline"></span>
</div>                    		
        
        
        <div class="tags tags_primary bottom_icons">
                                                            
                                <div data-alt="Prece pieejama MAXIMA XX veikalos" class="tag tag-soap-3 tag-shops" style="background-image: url('/uploads/sale/piedavajums-speka-maxima-xx-veikalos-6057.png');                     ">
                </div>
                                                                            
                                <div data-alt="Prece pieejama MAXIMA XXX veikalos" class="tag tag-soap-4 tag-shops" style="background-image: url('/uploads/sale/piedavajums-speka-maxima-xxx-veikalos-3117.png');                     ">
                </div>
                                                                            
                                <div data-alt="Pastāvīgi izdevīga cena" class="tag tag-soap-61 " style="background-image: url('/uploads/sale/pastavigi-izdeviga-cena-3394.png');                     ">
                </div>
                            
                    </div>
        <div class="tags tags_primary info_icon">
            

        </div>

        <div class="info-notice">
            


                                                                                                        </div>

        <div class="img">
          <img alt="Kafijas pupiņas TCHIBO ORIGINAL vai MEDIUM ROAST, 1 kg" src="/uploads/sale/2026/sales_page/02/09//kafijas-pupinas-tchibo-original-vai-medium-roast-00304-0209103110.png?1770625870">
        </div>
        <div class="text  custom-card icon-61     ">
            <div class="title">Kafijas pupiņas TCHIBO ORIGINAL vai MEDIUM ROAST, 1 kg</div>
            <div class="pack">
                <span class="ptitle"></span>
                <span class="price"> </span>
            </div>
                    </div>
        <div class="infopop">
            <div class="in"><span></span>
                <div class="arrow_top"></div>
                <div class="arrow_bottom"></div>
            </div>
        </div>
    </div>
</div><div class="col-third offer-item">
    <div class="item bl_shadow product-243342 paldies-card custom-card offer-2-l-sp-sku         product-border-edlp" data-product-id="243342" data-timeout="5" data-dates-interval="10.02. - 16.02.2026." tabindex="0" role="button">
                                                    <div class="discount price zilacena  ">
            <div class="paldies-card-icon  round-borders">
        <div class="t1-bg"></div>
        <img src="/images/front/sale/icons/zilacena.png" alt="Pastāvīgi izdevīga cena">
    </div>

    <div class="t1  paldies-card round-borders two-digts">
        <span class="value">21</span>
        <span class="cents">49</span>
        <span class="eur">€</span>
        <span class="unit-price"></span>
    </div>

    
    <span class="vline"></span>
</div>                    		
        
        
        <div class="tags tags_primary bottom_icons">
                                                            
                                <div data-alt="Pastāvīgi izdevīga cena" class="tag tag-soap-61 " style="background-image: url('/uploads/sale/pastavigi-izdeviga-cena-3394.png');                     ">
                </div>
                            
                    </div>
        <div class="tags tags_primary info_icon">
            

        </div>

        <div class="info-notice">
            


                                                </div>

        <div class="img">
          <img alt="Kafijas pupiņas LAVAZZA ROSSA vai CREMA E AROMA, 1 kg" src="/uploads/sale/2026/sales_page/02/09//kafijas-pupinas-lavazza-rossa-vai-crema-e-aroma-00305-0209103110.png?1770625870">
        </div>
        <div class="text  custom-card icon-61     ">
            <div class="title">Kafijas pupiņas LAVAZZA ROSSA vai CREMA E AROMA, 1 kg</div>
            <div class="pack">
                <span class="ptitle"></span>
                <span class="price"> </span>
            </div>
                    </div>
        <div class="infopop">
            <div class="in"><span></span>
                <div class="arrow_top"></div>
                <div class="arrow_bottom"></div>
            </div>
        </div>
    </div>
</div><div class="col-third offer-item">
    <div class="item bl_shadow product-243459 paldies-card  offer-2-l-sp-sku units-price        " data-product-id="243459" data-timeout="5" data-dates-interval="10.02. - 16.02.2026." tabindex="0" role="button">
                                                    <div class="discount price with-unit-price ">
                                                                            <div class="paldies-card-icon with-unit-price">
                        <img src="/images/front/icons/paldies2-icon.png" alt="Paldies">
                    </div>
                                
                    <div class="t1 with-unit-price paldies-card">
            <span class="value">2</span>
            <span class="cents">09</span>
            <span class="eur">€</span>
            <span class="unit-price">13,95 €/kg</span>
        </div>
                    <div class="t2">
                <span class="value">2,79</span>
                <span class="eur">€</span>
            </div>
            <div class="t3 with-unit-price">
                <span class="value">2</span>
                <span class="cents">79</span>
                <span class="eur">€</span>
                <span class="unit-price">18,60 €/kg</span>            </div>
            
    <span class="vline"></span>
</div>                    		
        
        
        <div class="tags tags_primary bottom_icons">
                                                            
                                <div data-alt="Atlaide ar PALDIES karti" class="tag tag-soap-2 " style="background-image: url('/uploads/sale/atlaide-ar-paldies-karti-7358.png');                     ">
                </div>
                            
                    </div>
        <div class="tags tags_primary info_icon">
            

        </div>

        <div class="info-notice">
            


                                                </div>

        <div class="img">
          <img alt="Biskvītkūka BARNI ar pildījumu, 150 g, trīs veidi" src="/uploads/sale/2026/sales_page/02/09//biskvitkuka-barni-ar-pildijumu-00291-0209103139.png?1770625899">
        </div>
        <div class="text paldies-card      ">
            <div class="title">Biskvītkūka BARNI ar pildījumu, 150 g, trīs veidi</div>
            <div class="pack">
                <span class="ptitle"></span>
                <span class="price"> 18,60 €/kg</span>
            </div>
                    </div>
        <div class="infopop">
            <div class="in"><span></span>
                <div class="arrow_top"></div>
                <div class="arrow_bottom"></div>
            </div>
        </div>
    </div>
</div><div class="col-third offer-item">
    <div class="item bl_shadow product-243460 paldies-card  offer-2-l-sp-sku units-price        " data-product-id="243460" data-timeout="5" data-dates-interval="10.02. - 16.02.2026." tabindex="0" role="button">
                                                    <div class="discount price with-unit-price ">
                                                                            <div class="paldies-card-icon with-unit-price">
                        <img src="/images/front/icons/paldies2-icon.png" alt="Paldies">
                    </div>
                                
                    <div class="t1 with-unit-price paldies-card">
            <span class="value">4</span>
            <span class="cents">35</span>
            <span class="eur">€</span>
            <span class="unit-price">no 39,55 €/kg</span>
        </div>
                    <div class="t2">
                <span class="value">6,19</span>
                <span class="eur">€</span>
            </div>
            <div class="t3 with-unit-price">
                <span class="value">6</span>
                <span class="cents">19</span>
                <span class="eur">€</span>
                <span class="unit-price">no 56,27 €/kg</span>            </div>
            
    <span class="vline"></span>
</div>                    		
        
        
        <div class="tags tags_primary bottom_icons">
                                                            
                                <div data-alt="Atlaide ar PALDIES karti" class="tag tag-soap-2 " style="background-image: url('/uploads/sale/atlaide-ar-paldies-karti-7358.png');                     ">
                </div>
                            
                    </div>
        <div class="tags tags_primary info_icon">
            

        </div>

        <div class="info-notice">
            


                                                </div>

        <div class="img">
          <img alt="Garšvielu maisījums SANTA MARIA, 78 g, 80 g vai 110 g, trīs veidi" src="/uploads/sale/2026/sales_page/02/09//garsvielu-maisijums-santa-maria-00292-0209103139.png?1770625899">
        </div>
        <div class="text paldies-card      ">
            <div class="title">Garšvielu maisījums SANTA MARIA, 78 g, 80 g vai 110 g, trīs veidi</div>
            <div class="pack">
                <span class="ptitle"></span>
                <span class="price"> no 56,27 €/kg</span>
            </div>
                    </div>
        <div class="infopop">
            <div class="in"><span></span>
                <div class="arrow_top"></div>
                <div class="arrow_bottom"></div>
            </div>
        </div>
    </div>
</div><div class="col-third offer-item">
    <div class="item bl_shadow product-243461 paldies-card  offer-2-l-sp-sku units-price        " data-product-id="243461" data-timeout="5" data-dates-interval="10.02. - 16.02.2026." tabindex="0" role="button">
                                                    <div class="discount price with-unit-price ">
                                                                            <div class="paldies-card-icon with-unit-price">
                        <img src="/images/front/icons/paldies2-icon.png" alt="Paldies">
                    </div>
                                                                                                
                    <div class="t1 with-unit-price paldies-card">
            <span class="value">2</span>
            <span class="cents">59</span>
            <span class="eur">€</span>
            <span class="unit-price">6,91 €/kg</span>
        </div>
                    <div class="t2">
                <span class="value">3,89</span>
                <span class="eur">€</span>
            </div>
            <div class="t3 with-unit-price">
                <span class="value">3</span>
                <span class="cents">89</span>
                <span class="eur">€</span>
                <span class="unit-price">10,37 €/kg</span>            </div>
            
    <span class="vline"></span>
</div>                    		
        
        
        <div class="tags tags_primary bottom_icons">
                                                            
                                <div data-alt="Atlaide ar PALDIES karti" class="tag tag-soap-2 " style="background-image: url('/uploads/sale/atlaide-ar-paldies-karti-7358.png');                     ">
                </div>
                                                                            
                                <div data-alt="Prece pieejama MAXIMA XX veikalos" class="tag tag-soap-3 tag-shops" style="background-image: url('/uploads/sale/piedavajums-speka-maxima-xx-veikalos-6057.png');                     ">
                </div>
                                                                            
                                <div data-alt="Prece pieejama MAXIMA XXX veikalos" class="tag tag-soap-4 tag-shops" style="background-image: url('/uploads/sale/piedavajums-speka-maxima-xxx-veikalos-3117.png');                     ">
                </div>
                            
                    </div>
        <div class="tags tags_primary info_icon">
            

        </div>

        <div class="info-notice">
            


                                                                                                        </div>

        <div class="img">
          <img alt="Brokastu pārslas OHO COOKIE vai BANANA PILLOWS, 375 g" src="/uploads/sale/2026/sales_page/02/09//brokastu-parslas-oho-cookie-vai-banana-pillows-00293-0209103139.png?1770625899">
        </div>
        <div class="text paldies-card      ">
            <div class="title">Brokastu pārslas OHO COOKIE vai BANANA PILLOWS, 375 g</div>
            <div class="pack">
                <span class="ptitle"></span>
                <span class="price"> 10,37 €/kg</span>
            </div>
                    </div>
        <div class="infopop">
            <div class="in"><span></span>
                <div class="arrow_top"></div>
                <div class="arrow_bottom"></div>
            </div>
        </div>
    </div>
</div><div class="col-third offer-item">
    <div class="item bl_shadow product-243462 paldies-card  offer-2-l-sp-sku units-price        " data-product-id="243462" data-timeout="5" data-dates-interval="10.02. - 16.02.2026." tabindex="0" role="button">
                                                    <div class="discount price with-unit-price ">
                                                                            <div class="paldies-card-icon with-unit-price">
                        <img src="/images/front/icons/paldies2-icon.png" alt="Paldies">
                    </div>
                                
                    <div class="t1 with-unit-price paldies-card">
            <span class="value">0</span>
            <span class="cents">39</span>
            <span class="eur">€</span>
            <span class="unit-price">15,60 €/kg</span>
        </div>
                    <div class="t2">
                <span class="value">0,59</span>
                <span class="eur">€</span>
            </div>
            <div class="t3 with-unit-price">
                <span class="value">0</span>
                <span class="cents">59</span>
                <span class="eur">€</span>
                <span class="unit-price">23,60 €/kg</span>            </div>
            
    <span class="vline"></span>
</div>                    		
        
        
        <div class="tags tags_primary bottom_icons">
                                                            
                                <div data-alt="Atlaide ar PALDIES karti" class="tag tag-soap-2 " style="background-image: url('/uploads/sale/atlaide-ar-paldies-karti-7358.png');                     ">
                </div>
                            
                    </div>
        <div class="tags tags_primary info_icon">
            

        </div>

        <div class="info-notice">
            


                                                </div>

        <div class="img">
          <img alt="Graudu batoniņš NESTLE NESQUIK VAI CINI-MINIS, 25 g" src="/uploads/sale/2026/sales_page/02/09//graudu-batonins-nestle-nesquik-vai-cini-minis-00294-0209103139.png?1770625899">
        </div>
        <div class="text paldies-card      ">
            <div class="title">Graudu batoniņš NESTLE NESQUIK VAI CINI-MINIS, 25 g</div>
            <div class="pack">
                <span class="ptitle"></span>
                <span class="price"> 23,60 €/kg</span>
            </div>
                    </div>
        <div class="infopop">
            <div class="in"><span></span>
                <div class="arrow_top"></div>
                <div class="arrow_bottom"></div>
            </div>
        </div>
    </div>
</div><div class="col-third offer-item">
    <div class="item bl_shadow product-243463   offer-2-l-sp-sku units-price        " data-product-id="243463" data-timeout="5" data-dates-interval="10.02. - 16.02.2026." tabindex="0" role="button">
                                                    <div class="discount price with-unit-price ">
                                                        <div class="bottom-icon with-unit-price">
                                    
                    <span class="bottom-icon-item bottom-icon-image icon-47" style="background-image: url('/uploads/sale/2-gab-4304.png')" data-code="400"></span>
                            </div>
            
                    <div class="t1 with-unit-price ">
            <span class="value">2</span>
            <span class="cents">00</span>
            <span class="eur">€</span>
            <span class="unit-price">10,00 €/kg</span>
        </div>
                    <div class="t2">
                <span class="value">4,78</span>
                <span class="eur">€</span>
            </div>
            <div class="t3 ">
                <span class="value">4</span>
                <span class="cents">78</span>
                <span class="eur">€</span>
                            </div>
            
    <span class="vline"></span>
</div>                    		
        
        
        <div class="tags tags_primary bottom_icons">
                                                            
                                <div data-alt="Latvijas produkts" class="tag tag-soap-6 " style="background-image: url('/uploads/sale/latvijas-produkts-3559.png');                     ">
                </div>
                                            
                    </div>
        <div class="tags tags_primary info_icon">
            
    <div data-alt="Prece pieejama 10.02. - 16.02." class="tag i"></div>

        </div>

        <div class="info-notice">
            


                                                                            </div>

        <div class="img">
          <img alt="Kraukšķi ĀDAŽU SALMIŅI vai SIERA BUMBAS, 2x 100 g" src="/uploads/sale/2026/sales_page/02/09//kraukski-adazu-salmini-vai-siera-bumbas-00295-0209103139.png?1770625899">
        </div>
        <div class="text       ">
            <div class="title">Kraukšķi ĀDAŽU SALMIŅI vai SIERA BUMBAS, 2x 100 g</div>
            <div class="pack">
                <span class="ptitle"></span>
                <span class="price"> </span>
            </div>
                    </div>
        <div class="infopop">
            <div class="in"><span></span>
                <div class="arrow_top"></div>
                <div class="arrow_bottom"></div>
            </div>
        </div>
    </div>
</div><div class="col-third offer-item">
    <div class="item bl_shadow product-243464 paldies-card  offer-2-l-sp-sku units-price        " data-product-id="243464" data-timeout="5" data-dates-interval="10.02. - 16.02.2026." tabindex="0" role="button">
                                                    <div class="discount price with-unit-price ">
                                                                            <div class="paldies-card-icon with-unit-price">
                        <img src="/images/front/icons/paldies2-icon.png" alt="Paldies">
                    </div>
                                
                    <div class="t1 with-unit-price paldies-card">
            <span class="value">1</span>
            <span class="cents">49</span>
            <span class="eur">€</span>
            <span class="unit-price">11,46 €/kg</span>
        </div>
                    <div class="t2">
                <span class="value">2,55</span>
                <span class="eur">€</span>
            </div>
            <div class="t3 with-unit-price">
                <span class="value">2</span>
                <span class="cents">55</span>
                <span class="eur">€</span>
                <span class="unit-price">19,62 €/kg</span>            </div>
            
    <span class="vline"></span>
</div>                    		
        
        
        <div class="tags tags_primary bottom_icons">
                                                            
                                <div data-alt="Atlaide ar PALDIES karti" class="tag tag-soap-2 " style="background-image: url('/uploads/sale/atlaide-ar-paldies-karti-7358.png');                     ">
                </div>
                            
                    </div>
        <div class="tags tags_primary info_icon">
            

        </div>

        <div class="info-notice">
            


                                                </div>

        <div class="img">
          <img alt="Kartupeļu čipsi LAY'S ar krējuma-garšaugu vai siera garšu, 130 g" src="/uploads/sale/2026/sales_page/02/09//kartupelu-cipsi-lay-s-ar-krejuma-garsaugu-vai-siera-garsu-00296-0209103139.png?1770625899">
        </div>
        <div class="text paldies-card      ">
            <div class="title">Kartupeļu čipsi LAY'S ar krējuma-garšaugu vai siera garšu, 130 g</div>
            <div class="pack">
                <span class="ptitle"></span>
                <span class="price"> 19,62 €/kg</span>
            </div>
                    </div>
        <div class="infopop">
            <div class="in"><span></span>
                <div class="arrow_top"></div>
                <div class="arrow_bottom"></div>
            </div>
        </div>
    </div>
</div><div class="col-third offer-item">
    <div class="item bl_shadow product-243465 paldies-card  offer-2-l-sp-sku units-price        " data-product-id="243465" data-timeout="5" data-dates-interval="10.02. - 16.02.2026." tabindex="0" role="button">
                                                    <div class="discount price with-unit-price ">
                                                                            <div class="paldies-card-icon with-unit-price">
                        <img src="/images/front/icons/paldies2-icon.png" alt="Paldies">
                    </div>
                                                                                                
                    <div class="t1 with-unit-price paldies-card">
            <span class="value">1</span>
            <span class="cents">69</span>
            <span class="eur">€</span>
            <span class="unit-price">9,94 €/kg</span>
        </div>
                    <div class="t2">
                <span class="value">2,79</span>
                <span class="eur">€</span>
            </div>
            <div class="t3 with-unit-price">
                <span class="value">2</span>
                <span class="cents">79</span>
                <span class="eur">€</span>
                <span class="unit-price">16,41 €/kg</span>            </div>
            
    <span class="vline"></span>
</div>                    		
        
        
        <div class="tags tags_primary bottom_icons">
                                                            
                                <div data-alt="Atlaide ar PALDIES karti" class="tag tag-soap-2 " style="background-image: url('/uploads/sale/atlaide-ar-paldies-karti-7358.png');                     ">
                </div>
                                                                            
                                <div data-alt="Prece pieejama MAXIMA XX veikalos" class="tag tag-soap-3 tag-shops" style="background-image: url('/uploads/sale/piedavajums-speka-maxima-xx-veikalos-6057.png');                     ">
                </div>
                                                                            
                                <div data-alt="Prece pieejama MAXIMA XXX veikalos" class="tag tag-soap-4 tag-shops" style="background-image: url('/uploads/sale/piedavajums-speka-maxima-xxx-veikalos-3117.png');                     ">
                </div>
                            
                    </div>
        <div class="tags tags_primary info_icon">
            

        </div>

        <div class="info-notice">
            


                                                                                                        </div>

        <div class="img">
          <img alt="Čipsi ESTRELLA ar gailenēm un sieru vai sviestu un sāli, 170 g" src="/uploads/sale/2026/sales_page/02/09//cipsi-estrella-ar-gailenem-un-sieru-vai-sviestu-un-sali-00297-0209103139.png?1770625899">
        </div>
        <div class="text paldies-card      ">
            <div class="title">Čipsi ESTRELLA ar gailenēm un sieru vai sviestu un sāli, 170 g</div>
            <div class="pack">
                <span class="ptitle"></span>
                <span class="price"> 16,41 €/kg</span>
            </div>
                    </div>
        <div class="infopop">
            <div class="in"><span></span>
                <div class="arrow_top"></div>
                <div class="arrow_bottom"></div>
            </div>
        </div>
    </div>
</div><div class="col-third offer-item">
    <div class="item bl_shadow product-243466 paldies-card  offer-2-l-sp-sku units-price        " data-product-id="243466" data-timeout="5" data-dates-interval="10.02. - 16.02.2026." tabindex="0" role="button">
                                                    <div class="discount price with-unit-price ">
                                                                            <div class="paldies-card-icon with-unit-price">
                        <img src="/images/front/icons/paldies2-icon.png" alt="Paldies">
                    </div>
                                
                    <div class="t1 with-unit-price paldies-card">
            <span class="value">1</span>
            <span class="cents">79</span>
            <span class="eur">€</span>
            <span class="unit-price">12,79 €/kg</span>
        </div>
                    <div class="t2">
                <span class="value">2,99</span>
                <span class="eur">€</span>
            </div>
            <div class="t3 with-unit-price">
                <span class="value">2</span>
                <span class="cents">99</span>
                <span class="eur">€</span>
                <span class="unit-price">21,36 €/kg</span>            </div>
            
    <span class="vline"></span>
</div>                    		
        
        
        <div class="tags tags_primary bottom_icons">
                                                            
                                <div data-alt="Atlaide ar PALDIES karti" class="tag tag-soap-2 " style="background-image: url('/uploads/sale/atlaide-ar-paldies-karti-7358.png');                     ">
                </div>
                            
                    </div>
        <div class="tags tags_primary info_icon">
            

        </div>

        <div class="info-notice">
            


                                                </div>

        <div class="img">
          <img alt="Zemesrieksti ESTRELLA, 140 g, trīs veidi" src="/uploads/sale/2026/sales_page/02/09//zemesrieksti-estrella-00298-0209103139.png?1770625899">
        </div>
        <div class="text paldies-card      ">
            <div class="title">Zemesrieksti ESTRELLA, 140 g, trīs veidi</div>
            <div class="pack">
                <span class="ptitle"></span>
                <span class="price"> 21,36 €/kg</span>
            </div>
                    </div>
        <div class="infopop">
            <div class="in"><span></span>
                <div class="arrow_top"></div>
                <div class="arrow_bottom"></div>
            </div>
        </div>
    </div>
</div><div class="col-third offer-item">
    <div class="item bl_shadow product-243467 paldies-card  offer-2-l-sp-sku units-price        " data-product-id="243467" data-timeout="5" data-dates-interval="10.02. - 16.02.2026." tabindex="0" role="button">
                                                    <div class="discount price with-unit-price ">
                                                                            <div class="paldies-card-icon with-unit-price">
                        <img src="/images/front/icons/paldies2-icon.png" alt="Paldies">
                    </div>
                                
                    <div class="t1 with-unit-price paldies-card">
            <span class="value">2</span>
            <span class="cents">09</span>
            <span class="eur">€</span>
            <span class="unit-price">6,97 €/kg</span>
        </div>
                    <div class="t2">
                <span class="value">3,39</span>
                <span class="eur">€</span>
            </div>
            <div class="t3 with-unit-price">
                <span class="value">3</span>
                <span class="cents">39</span>
                <span class="eur">€</span>
                <span class="unit-price">11,30 €/kg</span>            </div>
            
    <span class="vline"></span>
</div>                    		
        
        
        <div class="tags tags_primary bottom_icons">
                                                            
                                <div data-alt="Atlaide ar PALDIES karti" class="tag tag-soap-2 " style="background-image: url('/uploads/sale/atlaide-ar-paldies-karti-7358.png');                     ">
                </div>
                            
                    </div>
        <div class="tags tags_primary info_icon">
            

        </div>

        <div class="info-notice">
            


                                                </div>

        <div class="img">
          <img alt="Žāvētas dateles bez kauliņiem ARIMEX PREMIUM, 300 g" src="/uploads/sale/2026/sales_page/02/09//zavetas-dateles-bez-kauliniem-arimex-premium-00299-0209103139.png?1770625899">
        </div>
        <div class="text paldies-card      ">
            <div class="title">Žāvētas dateles bez kauliņiem ARIMEX PREMIUM, 300 g</div>
            <div class="pack">
                <span class="ptitle"></span>
                <span class="price"> 11,30 €/kg</span>
            </div>
                    </div>
        <div class="infopop">
            <div class="in"><span></span>
                <div class="arrow_top"></div>
                <div class="arrow_bottom"></div>
            </div>
        </div>
    </div>
</div><div class="col-third offer-item">
    <div class="item bl_shadow product-243457 paldies-card  offer-2-l-sp-sku units-price        " data-product-id="243457" data-timeout="5" data-dates-interval="10.02. - 16.02.2026." tabindex="0" role="button">
                                                    <div class="discount price with-unit-price ">
                                                                            <div class="paldies-card-icon with-unit-price">
                        <img src="/images/front/icons/paldies2-icon.png" alt="Paldies">
                    </div>
                                
                    <div class="t1 with-unit-price paldies-card">
            <span class="value">2</span>
            <span class="cents">19</span>
            <span class="eur">€</span>
            <span class="unit-price">4,38 €/kg</span>
        </div>
                    <div class="t2">
                <span class="value">2,85</span>
                <span class="eur">€</span>
            </div>
            <div class="t3 with-unit-price">
                <span class="value">2</span>
                <span class="cents">85</span>
                <span class="eur">€</span>
                <span class="unit-price">5,70 €/kg</span>            </div>
            
    <span class="vline"></span>
</div>                    		
        
        
        <div class="tags tags_primary bottom_icons">
                                                            
                                <div data-alt="Atlaide ar PALDIES karti" class="tag tag-soap-2 " style="background-image: url('/uploads/sale/atlaide-ar-paldies-karti-7358.png');                     ">
                </div>
                            
                    </div>
        <div class="tags tags_primary info_icon">
            

        </div>

        <div class="info-notice">
            


                                                </div>

        <div class="img">
          <img alt="Rozīnes ARIMEX, 500 g" src="/uploads/sale/2026/sales_page/02/09//rozines-arimex-00300-0209103137.png?1770625897">
        </div>
        <div class="text paldies-card      ">
            <div class="title">Rozīnes ARIMEX, 500 g</div>
            <div class="pack">
                <span class="ptitle"></span>
                <span class="price"> 5,70 €/kg</span>
            </div>
                    </div>
        <div class="infopop">
            <div class="in"><span></span>
                <div class="arrow_top"></div>
                <div class="arrow_bottom"></div>
            </div>
        </div>
    </div>
</div><div class="col-third offer-item">
    <div class="item bl_shadow product-243338 paldies-card custom-card offer-2-l-sp-sku units-price        product-border-edlp" data-product-id="243338" data-timeout="5" data-dates-interval="10.02. - 16.02.2026." tabindex="0" role="button">
                                                    <div class="discount price zilacena with-unit-price ">
            <div class="paldies-card-icon with-unit-price round-borders">
        <div class="t1-bg"></div>
        <img src="/images/front/sale/icons/zilacena.png" alt="Pastāvīgi izdevīga cena">
    </div>

    <div class="t1 with-unit-price paldies-card round-borders ">
        <span class="value">4</span>
        <span class="cents">39</span>
        <span class="eur">€</span>
        <span class="unit-price">43,90 €/kg</span>
    </div>

    
    <span class="vline"></span>
</div>                    		
        
        
        <div class="tags tags_primary bottom_icons">
                                                            
                                <div data-alt="Pastāvīgi izdevīga cena" class="tag tag-soap-61 " style="background-image: url('/uploads/sale/pastavigi-izdeviga-cena-3394.png');                     ">
                </div>
                            
                    </div>
        <div class="tags tags_primary info_icon">
            

        </div>

        <div class="info-notice">
            


                                                </div>

        <div class="img">
          <img alt="Augļu tēja LOYD, 1 iepak./50x 2 g, aveņu-zemeņu vai meža ogu" src="/uploads/sale/2026/sales_page/02/09//auglu-teja-loyd-00301-0209103110.png?1770625870">
        </div>
        <div class="text  custom-card icon-61     ">
            <div class="title">Augļu tēja LOYD, 1 iepak./50x 2 g, aveņu-zemeņu vai meža ogu</div>
            <div class="pack">
                <span class="ptitle"></span>
                <span class="price"> </span>
            </div>
                    </div>
        <div class="infopop">
            <div class="in"><span></span>
                <div class="arrow_top"></div>
                <div class="arrow_bottom"></div>
            </div>
        </div>
    </div>
</div><div class="col-third offer-item">
    <div class="item bl_shadow product-243339 paldies-card  offer-2-l-sp-sku units-price        " data-product-id="243339" data-timeout="5" data-dates-interval="10.02. - 16.02.2026." tabindex="0" role="button">
                                                    <div class="discount price with-unit-price ">
                                                                            <div class="paldies-card-icon with-unit-price">
                        <img src="/images/front/icons/paldies2-icon.png" alt="Paldies">
                    </div>
                                
                    <div class="t1 with-unit-price paldies-card">
            <span class="value">2</span>
            <span class="cents">09</span>
            <span class="eur">€</span>
            <span class="unit-price">20,90 €/kg</span>
        </div>
                    <div class="t2">
                <span class="value">2,85</span>
                <span class="eur">€</span>
            </div>
            <div class="t3 with-unit-price">
                <span class="value">2</span>
                <span class="cents">85</span>
                <span class="eur">€</span>
                <span class="unit-price">28,50 €/kg</span>            </div>
            
    <span class="vline"></span>
</div>                    		
        
        
        <div class="tags tags_primary bottom_icons">
                                                            
                                <div data-alt="Atlaide ar PALDIES karti" class="tag tag-soap-2 " style="background-image: url('/uploads/sale/atlaide-ar-paldies-karti-7358.png');                     ">
                </div>
                            
                    </div>
        <div class="tags tags_primary info_icon">
            

        </div>

        <div class="info-notice">
            


                                                </div>

        <div class="img">
          <img alt="Tēja MOŽUMS, 100 g, trīs veidi" src="/uploads/sale/2026/sales_page/02/09//teja-mozums-00302-0209103110.png?1770625870">
        </div>
        <div class="text paldies-card      ">
            <div class="title">Tēja MOŽUMS, 100 g, trīs veidi</div>
            <div class="pack">
                <span class="ptitle"></span>
                <span class="price"> 28,50 €/kg</span>
            </div>
                    </div>
        <div class="infopop">
            <div class="in"><span></span>
                <div class="arrow_top"></div>
                <div class="arrow_bottom"></div>
            </div>
        </div>
    </div>
</div><div class="col-third offer-item">
    <div class="item bl_shadow product-243340 paldies-card  offer-2-l-sp-sku units-price        " data-product-id="243340" data-timeout="5" data-dates-interval="10.02. - 16.02.2026." tabindex="0" role="button">
                                                    <div class="discount price with-unit-price ">
                                                                            <div class="paldies-card-icon with-unit-price">
                        <img src="/images/front/icons/paldies2-icon.png" alt="Paldies">
                    </div>
                                
                    <div class="t1 with-unit-price paldies-card">
            <span class="value">4</span>
            <span class="cents">99</span>
            <span class="eur">€</span>
            <span class="unit-price">24,95 €/kg</span>
        </div>
                    <div class="t2">
                <span class="value">7,99</span>
                <span class="eur">€</span>
            </div>
            <div class="t3 with-unit-price">
                <span class="value">7</span>
                <span class="cents">99</span>
                <span class="eur">€</span>
                <span class="unit-price">39,95 €/kg</span>            </div>
            
    <span class="vline"></span>
</div>                    		
        
        
        <div class="tags tags_primary bottom_icons">
                                                            
                                <div data-alt="Atlaide ar PALDIES karti" class="tag tag-soap-2 " style="background-image: url('/uploads/sale/atlaide-ar-paldies-karti-7358.png');                     ">
                </div>
                            
                    </div>
        <div class="tags tags_primary info_icon">
            

        </div>

        <div class="info-notice">
            


                                                </div>

        <div class="img">
          <img alt="Melnā tēja LIPTON YELLOW LABEL, 1 iepak./100x 2 g" src="/uploads/sale/2026/sales_page/02/09//melna-teja-lipton-yellow-label-00303-0209103110.png?1770625870">
        </div>
        <div class="text paldies-card      ">
            <div class="title">Melnā tēja LIPTON YELLOW LABEL, 1 iepak./100x 2 g</div>
            <div class="pack">
                <span class="ptitle"></span>
                <span class="price"> 39,95 €/kg</span>
            </div>
                    </div>
        <div class="infopop">
            <div class="in"><span></span>
                <div class="arrow_top"></div>
                <div class="arrow_bottom"></div>
            </div>
        </div>
    </div>
</div><div class="col-third offer-item">
    <div class="item bl_shadow product-243341 paldies-card custom-card offer-2-l-sp-sku         product-border-edlp" data-product-id="243341" data-timeout="5" data-dates-interval="10.02. - 16.02.2026." tabindex="0" role="button">
                                                    <div class="discount price zilacena  ">
            <div class="paldies-card-icon  round-borders">
        <div class="t1-bg"></div>
        <img src="/images/front/sale/icons/zilacena.png" alt="Pastāvīgi izdevīga cena">
    </div>

    <div class="t1  paldies-card round-borders two-digts">
        <span class="value">18</span>
        <span class="cents">99</span>
        <span class="eur">€</span>
        <span class="unit-price"></span>
    </div>

    
    <span class="vline"></span>
</div>                    		
        
        
        <div class="tags tags_primary bottom_icons">
                                                            
                                <div data-alt="Prece pieejama MAXIMA XX veikalos" class="tag tag-soap-3 tag-shops" style="background-image: url('/uploads/sale/piedavajums-speka-maxima-xx-veikalos-6057.png');                     ">
                </div>
                                                                            
                                <div data-alt="Prece pieejama MAXIMA XXX veikalos" class="tag tag-soap-4 tag-shops" style="background-image: url('/uploads/sale/piedavajums-speka-maxima-xxx-veikalos-3117.png');                     ">
                </div>
                                                                            
                                <div data-alt="Pastāvīgi izdevīga cena" class="tag tag-soap-61 " style="background-image: url('/uploads/sale/pastavigi-izdeviga-cena-3394.png');                     ">
                </div>
                            
                    </div>
        <div class="tags tags_primary info_icon">
            

        </div>

        <div class="info-notice">
            


                                                                                                        </div>

        <div class="img">
          <img alt="Kafijas pupiņas TCHIBO ORIGINAL vai MEDIUM ROAST, 1 kg" src="/uploads/sale/2026/sales_page/02/09//kafijas-pupinas-tchibo-original-vai-medium-roast-00304-0209103110.png?1770625870">
        </div>
        <div class="text  custom-card icon-61     ">
            <div class="title">Kafijas pupiņas TCHIBO ORIGINAL vai MEDIUM ROAST, 1 kg</div>
            <div class="pack">
                <span class="ptitle"></span>
                <span class="price"> </span>
            </div>
                    </div>
        <div class="infopop">
            <div class="in"><span></span>
                <div class="arrow_top"></div>
                <div class="arrow_bottom"></div>
            </div>
        </div>
    </div>
</div><div class="col-third offer-item">
    <div class="item bl_shadow product-243342 paldies-card custom-card offer-2-l-sp-sku         product-border-edlp" data-product-id="243342" data-timeout="5" data-dates-interval="10.02. - 16.02.2026." tabindex="0" role="button">
                                                    <div class="discount price zilacena  ">
            <div class="paldies-card-icon  round-borders">
        <div class="t1-bg"></div>
        <img src="/images/front/sale/icons/zilacena.png" alt="Pastāvīgi izdevīga cena">
    </div>

    <div class="t1  paldies-card round-borders two-digts">
        <span class="value">21</span>
        <span class="cents">49</span>
        <span class="eur">€</span>
        <span class="unit-price"></span>
    </div>

    
    <span class="vline"></span>
</div>                    		
        
        
        <div class="tags tags_primary bottom_icons">
                                                            
                                <div data-alt="Pastāvīgi izdevīga cena" class="tag tag-soap-61 " style="background-image: url('/uploads/sale/pastavigi-izdeviga-cena-3394.png');                     ">
                </div>
                            
                    </div>
        <div class="tags tags_primary info_icon">
            

        </div>

        <div class="info-notice">
            


                                                </div>

        <div class="img">
          <img alt="Kafijas pupiņas LAVAZZA ROSSA vai CREMA E AROMA, 1 kg" src="/uploads/sale/2026/sales_page/02/09//kafijas-pupinas-lavazza-rossa-vai-crema-e-aroma-00305-0209103110.png?1770625870">
        </div>
        <div class="text  custom-card icon-61     ">
            <div class="title">Kafijas pupiņas LAVAZZA ROSSA vai CREMA E AROMA, 1 kg</div>
            <div class="pack">
                <span class="ptitle"></span>
                <span class="price"> </span>
            </div>
                    </div>
        <div class="infopop">
            <div class="in"><span></span>
                <div class="arrow_top"></div>
                <div class="arrow_bottom"></div>
            </div>
        </div>
    </div>
</div><div class="col-third offer-item">
    <div class="item bl_shadow product-243459 paldies-card  offer-2-l-sp-sku units-price        " data-product-id="243459" data-timeout="5" data-dates-interval="10.02. - 16.02.2026." tabindex="0" role="button">
                                                    <div class="discount price with-unit-price ">
                                                                            <div class="paldies-card-icon with-unit-price">
                        <img src="/images/front/icons/paldies2-icon.png" alt="Paldies">
                    </div>
                                
                    <div class="t1 with-unit-price paldies-card">
            <span class="value">2</span>
            <span class="cents">09</span>
            <span class="eur">€</span>
            <span class="unit-price">13,95 €/kg</span>
        </div>
                    <div class="t2">
                <span class="value">2,79</span>
                <span class="eur">€</span>
            </div>
            <div class="t3 with-unit-price">
                <span class="value">2</span>
                <span class="cents">79</span>
                <span class="eur">€</span>
                <span class="unit-price">18,60 €/kg</span>            </div>
            
    <span class="vline"></span>
</div>                    		
        
        
        <div class="tags tags_primary bottom_icons">
                                                            
                                <div data-alt="Atlaide ar PALDIES karti" class="tag tag-soap-2 " style="background-image: url('/uploads/sale/atlaide-ar-paldies-karti-7358.png');                     ">
                </div>
                            
                    </div>
        <div class="tags tags_primary info_icon">
            

        </div>

        <div class="info-notice">
            


                                                </div>

        <div class="img">
          <img alt="Biskvītkūka BARNI ar pildījumu, 150 g, trīs veidi" src="/uploads/sale/2026/sales_page/02/09//biskvitkuka-barni-ar-pildijumu-00291-0209103139.png?1770625899">
        </div>
        <div class="text paldies-card      ">
            <div class="title">Biskvītkūka BARNI ar pildījumu, 150 g, trīs veidi</div>
            <div class="pack">
                <span class="ptitle"></span>
                <span class="price"> 18,60 €/kg</span>
            </div>
                    </div>
        <div class="infopop">
            <div class="in"><span></span>
                <div class="arrow_top"></div>
                <div class="arrow_bottom"></div>
            </div>
        </div>
    </div>
</div><div class="col-third offer-item">
    <div class="item bl_shadow product-243460 paldies-card  offer-2-l-sp-sku units-price        " data-product-id="243460" data-timeout="5" data-dates-interval="10.02. - 16.02.2026." tabindex="0" role="button">
                                                    <div class="discount price with-unit-price ">
                                                                            <div class="paldies-card-icon with-unit-price">
                        <img src="/images/front/icons/paldies2-icon.png" alt="Paldies">
                    </div>
                                
                    <div class="t1 with-unit-price paldies-card">
            <span class="value">4</span>
            <span class="cents">35</span>
            <span class="eur">€</span>
            <span class="unit-price">no 39,55 €/kg</span>
        </div>
                    <div class="t2">
                <span class="value">6,19</span>
                <span class="eur">€</span>
            </div>
            <div class="t3 with-unit-price">
                <span class="value">6</span>
                <span class="cents">19</span>
                <span class="eur">€</span>
                <span class="unit-price">no 56,27 €/kg</span>            </div>
            
    <span class="vline"></span>
</div>                    		
        
        
        <div class="tags tags_primary bottom_icons">
                                                            
                                <div data-alt="Atlaide ar PALDIES karti" class="tag tag-soap-2 " style="background-image: url('/uploads/sale/atlaide-ar-paldies-karti-7358.png');                     ">
                </div>
                            
                    </div>
        <div class="tags tags_primary info_icon">
            

        </div>

        <div class="info-notice">
            


                                                </div>

        <div class="img">
          <img alt="Garšvielu maisījums SANTA MARIA, 78 g, 80 g vai 110 g, trīs veidi" src="/uploads/sale/2026/sales_page/02/09//garsvielu-maisijums-santa-maria-00292-0209103139.png?1770625899">
        </div>
        <div class="text paldies-card      ">
            <div class="title">Garšvielu maisījums SANTA MARIA, 78 g, 80 g vai 110 g, trīs veidi</div>
            <div class="pack">
                <span class="ptitle"></span>
                <span class="price"> no 56,27 €/kg</span>
            </div>
                    </div>
        <div class="infopop">
            <div class="in"><span></span>
                <div class="arrow_top"></div>
                <div class="arrow_bottom"></div>
            </div>
        </div>
    </div>
</div><div class="col-third offer-item">
    <div class="item bl_shadow product-243461 paldies-card  offer-2-l-sp-sku units-price        " data-product-id="243461" data-timeout="5" data-dates-interval="10.02. - 16.02.2026." tabindex="0" role="button">
                                                    <div class="discount price with-unit-price ">
                                                                            <div class="paldies-card-icon with-unit-price">
                        <img src="/images/front/icons/paldies2-icon.png" alt="Paldies">
                    </div>
                                                                                                
                    <div class="t1 with-unit-price paldies-card">
            <span class="value">2</span>
            <span class="cents">59</span>
            <span class="eur">€</span>
            <span class="unit-price">6,91 €/kg</span>
        </div>
                    <div class="t2">
                <span class="value">3,89</span>
                <span class="eur">€</span>
            </div>
            <div class="t3 with-unit-price">
                <span class="value">3</span>
                <span class="cents">89</span>
                <span class="eur">€</span>
                <span class="unit-price">10,37 €/kg</span>            </div>
            
    <span class="vline"></span>
</div>                    		
        
        
        <div class="tags tags_primary bottom_icons">
                                                            
                                <div data-alt="Atlaide ar PALDIES karti" class="tag tag-soap-2 " style="background-image: url('/uploads/sale/atlaide-ar-paldies-karti-7358.png');                     ">
                </div>
                                                                            
                                <div data-alt="Prece pieejama MAXIMA XX veikalos" class="tag tag-soap-3 tag-shops" style="background-image: url('/uploads/sale/piedavajums-speka-maxima-xx-veikalos-6057.png');                     ">
                </div>
                                                                            
                                <div data-alt="Prece pieejama MAXIMA XXX veikalos" class="tag tag-soap-4 tag-shops" style="background-image: url('/uploads/sale/piedavajums-speka-maxima-xxx-veikalos-3117.png');                     ">
                </div>
                            
                    </div>
        <div class="tags tags_primary info_icon">
            

        </div>

        <div class="info-notice">
            


                                                                                                        </div>

        <div class="img">
          <img alt="Brokastu pārslas OHO COOKIE vai BANANA PILLOWS, 375 g" src="/uploads/sale/2026/sales_page/02/09//brokastu-parslas-oho-cookie-vai-banana-pillows-00293-0209103139.png?1770625899">
        </div>
        <div class="text paldies-card      ">
            <div class="title">Brokastu pārslas OHO COOKIE vai BANANA PILLOWS, 375 g</div>
            <div class="pack">
                <span class="ptitle"></span>
                <span class="price"> 10,37 €/kg</span>
            </div>
                    </div>
        <div class="infopop">
            <div class="in"><span></span>
                <div class="arrow_top"></div>
                <div class="arrow_bottom"></div>
            </div>
        </div>
    </div>
</div><div class="col-third offer-item">
    <div class="item bl_shadow product-243462 paldies-card  offer-2-l-sp-sku units-price        " data-product-id="243462" data-timeout="5" data-dates-interval="10.02. - 16.02.2026." tabindex="0" role="button">
                                                    <div class="discount price with-unit-price ">
                                                                            <div class="paldies-card-icon with-unit-price">
                        <img src="/images/front/icons/paldies2-icon.png" alt="Paldies">
                    </div>
                                
                    <div class="t1 with-unit-price paldies-card">
            <span class="value">0</span>
            <span class="cents">39</span>
            <span class="eur">€</span>
            <span class="unit-price">15,60 €/kg</span>
        </div>
                    <div class="t2">
                <span class="value">0,59</span>
                <span class="eur">€</span>
            </div>
            <div class="t3 with-unit-price">
                <span class="value">0</span>
                <span class="cents">59</span>
                <span class="eur">€</span>
                <span class="unit-price">23,60 €/kg</span>            </div>
            
    <span class="vline"></span>
</div>                    		
        
        
        <div class="tags tags_primary bottom_icons">
                                                            
                                <div data-alt="Atlaide ar PALDIES karti" class="tag tag-soap-2 " style="background-image: url('/uploads/sale/atlaide-ar-paldies-karti-7358.png');                     ">
                </div>
                            
                    </div>
        <div class="tags tags_primary info_icon">
            

        </div>

        <div class="info-notice">
            


                                                </div>

        <div class="img">
          <img alt="Graudu batoniņš NESTLE NESQUIK VAI CINI-MINIS, 25 g" src="/uploads/sale/2026/sales_page/02/09//graudu-batonins-nestle-nesquik-vai-cini-minis-00294-0209103139.png?1770625899">
        </div>
        <div class="text paldies-card      ">
            <div class="title">Graudu batoniņš NESTLE NESQUIK VAI CINI-MINIS, 25 g</div>
            <div class="pack">
                <span class="ptitle"></span>
                <span class="price"> 23,60 €/kg</span>
            </div>
                    </div>
        <div class="infopop">
            <div class="in"><span></span>
                <div class="arrow_top"></div>
                <div class="arrow_bottom"></div>
            </div>
        </div>
    </div>
</div><div class="col-third offer-item">
    <div class="item bl_shadow product-243463   offer-2-l-sp-sku units-price        " data-product-id="243463" data-timeout="5" data-dates-interval="10.02. - 16.02.2026." tabindex="0" role="button">
                                                    <div class="discount price with-unit-price ">
                                                        <div class="bottom-icon with-unit-price">
                                    
                    <span class="bottom-icon-item bottom-icon-image icon-47" style="background-image: url('/uploads/sale/2-gab-4304.png')" data-code="400"></span>
                            </div>
            
                    <div class="t1 with-unit-price ">
            <span class="value">2</span>
            <span class="cents">00</span>
            <span class="eur">€</span>
            <span class="unit-price">10,00 €/kg</span>
        </div>
                    <div class="t2">
                <span class="value">4,78</span>
                <span class="eur">€</span>
            </div>
            <div class="t3 ">
                <span class="value">4</span>
                <span class="cents">78</span>
                <span class="eur">€</span>
                            </div>
            
    <span class="vline"></span>
</div>                    		
        
        
        <div class="tags tags_primary bottom_icons">
                                                            
                                <div data-alt="Latvijas produkts" class="tag tag-soap-6 " style="background-image: url('/uploads/sale/latvijas-produkts-3559.png');                     ">
                </div>
                                            
                    </div>
        <div class="tags tags_primary info_icon">
            
    <div data-alt="Prece pieejama 10.02. - 16.02." class="tag i"></div>

        </div>

        <div class="info-notice">
            


                                                                            </div>

        <div class="img">
          <img alt="Kraukšķi ĀDAŽU SALMIŅI vai SIERA BUMBAS, 2x 100 g" src="/uploads/sale/2026/sales_page/02/09//kraukski-adazu-salmini-vai-siera-bumbas-00295-0209103139.png?1770625899">
        </div>
        <div class="text       ">
            <div class="title">Kraukšķi ĀDAŽU SALMIŅI vai SIERA BUMBAS, 2x 100 g</div>
            <div class="pack">
                <span class="ptitle"></span>
                <span class="price"> </span>
            </div>
                    </div>
        <div class="infopop">
            <div class="in"><span></span>
                <div class="arrow_top"></div>
                <div class="arrow_bottom"></div>
            </div>
        </div>
    </div>
</div><div class="col-third offer-item">
    <div class="item bl_shadow product-243464 paldies-card  offer-2-l-sp-sku units-price        " data-product-id="243464" data-timeout="5" data-dates-interval="10.02. - 16.02.2026." tabindex="0" role="button">
                                                    <div class="discount price with-unit-price ">
                                                                            <div class="paldies-card-icon with-unit-price">
                        <img src="/images/front/icons/paldies2-icon.png" alt="Paldies">
                    </div>
                                
                    <div class="t1 with-unit-price paldies-card">
            <span class="value">1</span>
            <span class="cents">49</span>
            <span class="eur">€</span>
            <span class="unit-price">11,46 €/kg</span>
        </div>
                    <div class="t2">
                <span class="value">2,55</span>
                <span class="eur">€</span>
            </div>
            <div class="t3 with-unit-price">
                <span class="value">2</span>
                <span class="cents">55</span>
                <span class="eur">€</span>
                <span class="unit-price">19,62 €/kg</span>            </div>
            
    <span class="vline"></span>
</div>                    		
        
        
        <div class="tags tags_primary bottom_icons">
                                                            
                                <div data-alt="Atlaide ar PALDIES karti" class="tag tag-soap-2 " style="background-image: url('/uploads/sale/atlaide-ar-paldies-karti-7358.png');                     ">
                </div>
                            
                    </div>
        <div class="tags tags_primary info_icon">
            

        </div>

        <div class="info-notice">
            


                                                </div>

        <div class="img">
          <img alt="Kartupeļu čipsi LAY'S ar krējuma-garšaugu vai siera garšu, 130 g" src="/uploads/sale/2026/sales_page/02/09//kartupelu-cipsi-lay-s-ar-krejuma-garsaugu-vai-siera-garsu-00296-0209103139.png?1770625899">
        </div>
        <div class="text paldies-card      ">
            <div class="title">Kartupeļu čipsi LAY'S ar krējuma-garšaugu vai siera garšu, 130 g</div>
            <div class="pack">
                <span class="ptitle"></span>
                <span class="price"> 19,62 €/kg</span>
            </div>
                    </div>
        <div class="infopop">
            <div class="in"><span></span>
                <div class="arrow_top"></div>
                <div class="arrow_bottom"></div>
            </div>
        </div>
    </div>
</div><div class="col-third offer-item">
    <div class="item bl_shadow product-243465 paldies-card  offer-2-l-sp-sku units-price        " data-product-id="243465" data-timeout="5" data-dates-interval="10.02. - 16.02.2026." tabindex="0" role="button">
                                                    <div class="discount price with-unit-price ">
                                                                            <div class="paldies-card-icon with-unit-price">
                        <img src="/images/front/icons/paldies2-icon.png" alt="Paldies">
                    </div>
                                                                                                
                    <div class="t1 with-unit-price paldies-card">
            <span class="value">1</span>
            <span class="cents">69</span>
            <span class="eur">€</span>
            <span class="unit-price">9,94 €/kg</span>
        </div>
                    <div class="t2">
                <span class="value">2,79</span>
                <span class="eur">€</span>
            </div>
            <div class="t3 with-unit-price">
                <span class="value">2</span>
                <span class="cents">79</span>
                <span class="eur">€</span>
                <span class="unit-price">16,41 €/kg</span>            </div>
            
    <span class="vline"></span>
</div>                    		
        
        
        <div class="tags tags_primary bottom_icons">
                                                            
                                <div data-alt="Atlaide ar PALDIES karti" class="tag tag-soap-2 " style="background-image: url('/uploads/sale/atlaide-ar-paldies-karti-7358.png');                     ">
                </div>
                                                                            
                                <div data-alt="Prece pieejama MAXIMA XX veikalos" class="tag tag-soap-3 tag-shops" style="background-image: url('/uploads/sale/piedavajums-speka-maxima-xx-veikalos-6057.png');                     ">
                </div>
                                                                            
                                <div data-alt="Prece pieejama MAXIMA XXX veikalos" class="tag tag-soap-4 tag-shops" style="background-image: url('/uploads/sale/piedavajums-speka-maxima-xxx-veikalos-3117.png');                     ">
                </div>
                            
                    </div>
        <div class="tags tags_primary info_icon">
            

        </div>

        <div class="info-notice">
            


                                                                                                        </div>

        <div class="img">
          <img alt="Čipsi ESTRELLA ar gailenēm un sieru vai sviestu un sāli, 170 g" src="/uploads/sale/2026/sales_page/02/09//cipsi-estrella-ar-gailenem-un-sieru-vai-sviestu-un-sali-00297-0209103139.png?1770625899">
        </div>
        <div class="text paldies-card      ">
            <div class="title">Čipsi ESTRELLA ar gailenēm un sieru vai sviestu un sāli, 170 g</div>
            <div class="pack">
                <span class="ptitle"></span>
                <span class="price"> 16,41 €/kg</span>
            </div>
                    </div>
        <div class="infopop">
            <div class="in"><span></span>
                <div class="arrow_top"></div>
                <div class="arrow_bottom"></div>
            </div>
        </div>
    </div>
</div><div class="col-third offer-item">
    <div class="item bl_shadow product-243466 paldies-card  offer-2-l-sp-sku units-price        " data-product-id="243466" data-timeout="5" data-dates-interval="10.02. - 16.02.2026." tabindex="0" role="button">
                                                    <div class="discount price with-unit-price ">
                                                                            <div class="paldies-card-icon with-unit-price">
                        <img src="/images/front/icons/paldies2-icon.png" alt="Paldies">
                    </div>
                                
                    <div class="t1 with-unit-price paldies-card">
            <span class="value">1</span>
            <span class="cents">79</span>
            <span class="eur">€</span>
            <span class="unit-price">12,79 €/kg</span>
        </div>
                    <div class="t2">
                <span class="value">2,99</span>
                <span class="eur">€</span>
            </div>
            <div class="t3 with-unit-price">
                <span class="value">2</span>
                <span class="cents">99</span>
                <span class="eur">€</span>
                <span class="unit-price">21,36 €/kg</span>            </div>
            
    <span class="vline"></span>
</div>                    		
        
        
        <div class="tags tags_primary bottom_icons">
                                                            
                                <div data-alt="Atlaide ar PALDIES karti" class="tag tag-soap-2 " style="background-image: url('/uploads/sale/atlaide-ar-paldies-karti-7358.png');                     ">
                </div>
                            
                    </div>
        <div class="tags tags_primary info_icon">
            

        </div>

        <div class="info-notice">
            


                                                </div>

        <div class="img">
          <img alt="Zemesrieksti ESTRELLA, 140 g, trīs veidi" src="/uploads/sale/2026/sales_page/02/09//zemesrieksti-estrella-00298-0209103139.png?1770625899">
        </div>
        <div class="text paldies-card      ">
            <div class="title">Zemesrieksti ESTRELLA, 140 g, trīs veidi</div>
            <div class="pack">
                <span class="ptitle"></span>
                <span class="price"> 21,36 €/kg</span>
            </div>
                    </div>
        <div class="infopop">
            <div class="in"><span></span>
                <div class="arrow_top"></div>
                <div class="arrow_bottom"></div>
            </div>
        </div>
    </div>
</div><div class="col-third offer-item">
    <div class="item bl_shadow product-243467 paldies-card  offer-2-l-sp-sku units-price        " data-product-id="243467" data-timeout="5" data-dates-interval="10.02. - 16.02.2026." tabindex="0" role="button">
                                                    <div class="discount price with-unit-price ">
                                                                            <div class="paldies-card-icon with-unit-price">
                        <img src="/images/front/icons/paldies2-icon.png" alt="Paldies">
                    </div>
                                
                    <div class="t1 with-unit-price paldies-card">
            <span class="value">2</span>
            <span class="cents">09</span>
            <span class="eur">€</span>
            <span class="unit-price">6,97 €/kg</span>
        </div>
                    <div class="t2">
                <span class="value">3,39</span>
                <span class="eur">€</span>
            </div>
            <div class="t3 with-unit-price">
                <span class="value">3</span>
                <span class="cents">39</span>
                <span class="eur">€</span>
                <span class="unit-price">11,30 €/kg</span>            </div>
            
    <span class="vline"></span>
</div>                    		
        
        
        <div class="tags tags_primary bottom_icons">
                                                            
                                <div data-alt="Atlaide ar PALDIES karti" class="tag tag-soap-2 " style="background-image: url('/uploads/sale/atlaide-ar-paldies-karti-7358.png');                     ">
                </div>
                            
                    </div>
        <div class="tags tags_primary info_icon">
            

        </div>

        <div class="info-notice">
            


                                                </div>

        <div class="img">
          <img alt="Žāvētas dateles bez kauliņiem ARIMEX PREMIUM, 300 g" src="/uploads/sale/2026/sales_page/02/09//zavetas-dateles-bez-kauliniem-arimex-premium-00299-0209103139.png?1770625899">
        </div>
        <div class="text paldies-card      ">
            <div class="title">Žāvētas dateles bez kauliņiem ARIMEX PREMIUM, 300 g</div>
            <div class="pack">
                <span class="ptitle"></span>
                <span class="price"> 11,30 €/kg</span>
            </div>
                    </div>
        <div class="infopop">
            <div class="in"><span></span>
                <div class="arrow_top"></div>
                <div class="arrow_bottom"></div>
            </div>
        </div>
    </div>
</div><div class="col-third offer-item">
    <div class="item bl_shadow product-243457 paldies-card  offer-2-l-sp-sku units-price        " data-product-id="243457" data-timeout="5" data-dates-interval="10.02. - 16.02.2026." tabindex="0" role="button">
                                                    <div class="discount price with-unit-price ">
                                                                            <div class="paldies-card-icon with-unit-price">
                        <img src="/images/front/icons/paldies2-icon.png" alt="Paldies">
                    </div>
                                
                    <div class="t1 with-unit-price paldies-card">
            <span class="value">2</span>
            <span class="cents">19</span>
            <span class="eur">€</span>
            <span class="unit-price">4,38 €/kg</span>
        </div>
                    <div class="t2">
                <span class="value">2,85</span>
                <span class="eur">€</span>
            </div>
            <div class="t3 with-unit-price">
                <span class="value">2</span>
                <span class="cents">85</span>
                <span class="eur">€</span>
                <span class="unit-price">5,70 €/kg</span>            </div>
            
    <span class="vline"></span>
</div>                    		
        
        
        <div class="tags tags_primary bottom_icons">
                                                            
                                <div data-alt="Atlaide ar PALDIES karti" class="tag tag-soap-2 " style="background-image: url('/uploads/sale/atlaide-ar-paldies-karti-7358.png');                     ">
                </div>
                            
                    </div>
        <div class="tags tags_primary info_icon">
            

        </div>

        <div class="info-notice">
            


                                                </div>

        <div class="img">
          <img alt="Rozīnes ARIMEX, 500 g" src="/uploads/sale/2026/sales_page/02/09//rozines-arimex-00300-0209103137.png?1770625897">
        </div>
        <div class="text paldies-card      ">
            <div class="title">Rozīnes ARIMEX, 500 g</div>
            <div class="pack">
                <span class="ptitle"></span>
                <span class="price"> 5,70 €/kg</span>
            </div>
                    </div>
        <div class="infopop">
            <div class="in"><span></span>
                <div class="arrow_top"></div>
                <div class="arrow_bottom"></div>
            </div>
        </div>
    </div>
</div><div class="col-third offer-item">
    <div class="item bl_shadow product-243338 paldies-card custom-card offer-2-l-sp-sku units-price        product-border-edlp" data-product-id="243338" data-timeout="5" data-dates-interval="10.02. - 16.02.2026." tabindex="0" role="button">
                                                    <div class="discount price zilacena with-unit-price ">
            <div class="paldies-card-icon with-unit-price round-borders">
        <div class="t1-bg"></div>
        <img src="/images/front/sale/icons/zilacena.png" alt="Pastāvīgi izdevīga cena">
    </div>

    <div class="t1 with-unit-price paldies-card round-borders ">
        <span class="value">4</span>
        <span class="cents">39</span>
        <span class="eur">€</span>
        <span class="unit-price">43,90 €/kg</span>
    </div>

    
    <span class="vline"></span>
</div>                    		
        
        
        <div class="tags tags_primary bottom_icons">
                                                            
                                <div data-alt="Pastāvīgi izdevīga cena" class="tag tag-soap-61 " style="background-image: url('/uploads/sale/pastavigi-izdeviga-cena-3394.png');                     ">
                </div>
                            
                    </div>
        <div class="tags tags_primary info_icon">
            

        </div>

        <div class="info-notice">
            


                                                </div>

        <div class="img">
          <img alt="Augļu tēja LOYD, 1 iepak./50x 2 g, aveņu-zemeņu vai meža ogu" src="/uploads/sale/2026/sales_page/02/09//auglu-teja-loyd-00301-0209103110.png?1770625870">
        </div>
        <div class="text  custom-card icon-61     ">
            <div class="title">Augļu tēja LOYD, 1 iepak./50x 2 g, aveņu-zemeņu vai meža ogu</div>
            <div class="pack">
                <span class="ptitle"></span>
                <span class="price"> </span>
            </div>
                    </div>
        <div class="infopop">
            <div class="in"><span></span>
                <div class="arrow_top"></div>
                <div class="arrow_bottom"></div>
            </div>
        </div>
    </div>
</div><div class="col-third offer-item">
    <div class="item bl_shadow product-243339 paldies-card  offer-2-l-sp-sku units-price        " data-product-id="243339" data-timeout="5" data-dates-interval="10.02. - 16.02.2026." tabindex="0" role="button">
                                                    <div class="discount price with-unit-price ">
                                                                            <div class="paldies-card-icon with-unit-price">
                        <img src="/images/front/icons/paldies2-icon.png" alt="Paldies">
                    </div>
                                
                    <div class="t1 with-unit-price paldies-card">
            <span class="value">2</span>
            <span class="cents">09</span>
            <span class="eur">€</span>
            <span class="unit-price">20,90 €/kg</span>
        </div>
                    <div class="t2">
                <span class="value">2,85</span>
                <span class="eur">€</span>
            </div>
            <div class="t3 with-unit-price">
                <span class="value">2</span>
                <span class="cents">85</span>
                <span class="eur">€</span>
                <span class="unit-price">28,50 €/kg</span>            </div>
            
    <span class="vline"></span>
</div>                    		
        
        
        <div class="tags tags_primary bottom_icons">
                                                            
                                <div data-alt="Atlaide ar PALDIES karti" class="tag tag-soap-2 " style="background-image: url('/uploads/sale/atlaide-ar-paldies-karti-7358.png');                     ">
                </div>
                            
                    </div>
        <div class="tags tags_primary info_icon">
            

        </div>

        <div class="info-notice">
            


                                                </div>

        <div class="img">
          <img alt="Tēja MOŽUMS, 100 g, trīs veidi" src="/uploads/sale/2026/sales_page/02/09//teja-mozums-00302-0209103110.png?1770625870">
        </div>
        <div class="text paldies-card      ">
            <div class="title">Tēja MOŽUMS, 100 g, trīs veidi</div>
            <div class="pack">
                <span class="ptitle"></span>
                <span class="price"> 28,50 €/kg</span>
            </div>
                    </div>
        <div class="infopop">
            <div class="in"><span></span>
                <div class="arrow_top"></div>
                <div class="arrow_bottom"></div>
            </div>
        </div>
    </div>
</div><div class="col-third offer-item">
    <div class="item bl_shadow product-243340 paldies-card  offer-2-l-sp-sku units-price        " data-product-id="243340" data-timeout="5" data-dates-interval="10.02. - 16.02.2026." tabindex="0" role="button">
                                                    <div class="discount price with-unit-price ">
                                                                            <div class="paldies-card-icon with-unit-price">
                        <img src="/images/front/icons/paldies2-icon.png" alt="Paldies">
                    </div>
                                
                    <div class="t1 with-unit-price paldies-card">
            <span class="value">4</span>
            <span class="cents">99</span>
            <span class="eur">€</span>
            <span class="unit-price">24,95 €/kg</span>
        </div>
                    <div class="t2">
                <span class="value">7,99</span>
                <span class="eur">€</span>
            </div>
            <div class="t3 with-unit-price">
                <span class="value">7</span>
                <span class="cents">99</span>
                <span class="eur">€</span>
                <span class="unit-price">39,95 €/kg</span>            </div>
            
    <span class="vline"></span>
</div>                    		
        
        
        <div class="tags tags_primary bottom_icons">
                                                            
                                <div data-alt="Atlaide ar PALDIES karti" class="tag tag-soap-2 " style="background-image: url('/uploads/sale/atlaide-ar-paldies-karti-7358.png');                     ">
                </div>
                            
                    </div>
        <div class="tags tags_primary info_icon">
            

        </div>

        <div class="info-notice">
            


                                                </div>

        <div class="img">
          <img alt="Melnā tēja LIPTON YELLOW LABEL, 1 iepak./100x 2 g" src="/uploads/sale/2026/sales_page/02/09//melna-teja-lipton-yellow-label-00303-0209103110.png?1770625870">
        </div>
        <div class="text paldies-card      ">
            <div class="title">Melnā tēja LIPTON YELLOW LABEL, 1 iepak./100x 2 g</div>
            <div class="pack">
                <span class="ptitle"></span>
                <span class="price"> 39,95 €/kg</span>
            </div>
                    </div>
        <div class="infopop">
            <div class="in"><span></span>
                <div class="arrow_top"></div>
                <div class="arrow_bottom"></div>
            </div>
        </div>
    </div>
</div><div class="col-third offer-item">
    <div class="item bl_shadow product-243341 paldies-card custom-card offer-2-l-sp-sku         product-border-edlp" data-product-id="243341" data-timeout="5" data-dates-interval="10.02. - 16.02.2026." tabindex="0" role="button">
                                                    <div class="discount price zilacena  ">
            <div class="paldies-card-icon  round-borders">
        <div class="t1-bg"></div>
        <img src="/images/front/sale/icons/zilacena.png" alt="Pastāvīgi izdevīga cena">
    </div>

    <div class="t1  paldies-card round-borders two-digts">
        <span class="value">18</span>
        <span class="cents">99</span>
        <span class="eur">€</span>
        <span class="unit-price"></span>
    </div>

    
    <span class="vline"></span>
</div>                    		
        
        
        <div class="tags tags_primary bottom_icons">
                                                            
                                <div data-alt="Prece pieejama MAXIMA XX veikalos" class="tag tag-soap-3 tag-shops" style="background-image: url('/uploads/sale/piedavajums-speka-maxima-xx-veikalos-6057.png');                     ">
                </div>
                                                                            
                                <div data-alt="Prece pieejama MAXIMA XXX veikalos" class="tag tag-soap-4 tag-shops" style="background-image: url('/uploads/sale/piedavajums-speka-maxima-xxx-veikalos-3117.png');                     ">
                </div>
                                                                            
                                <div data-alt="Pastāvīgi izdevīga cena" class="tag tag-soap-61 " style="background-image: url('/uploads/sale/pastavigi-izdeviga-cena-3394.png');                     ">
                </div>
                            
                    </div>
        <div class="tags tags_primary info_icon">
            

        </div>

        <div class="info-notice">
            


                                                                                                        </div>

        <div class="img">
          <img alt="Kafijas pupiņas TCHIBO ORIGINAL vai MEDIUM ROAST, 1 kg" src="/uploads/sale/2026/sales_page/02/09//kafijas-pupinas-tchibo-original-vai-medium-roast-00304-0209103110.png?1770625870">
        </div>
        <div class="text  custom-card icon-61     ">
            <div class="title">Kafijas pupiņas TCHIBO ORIGINAL vai MEDIUM ROAST, 1 kg</div>
            <div class="pack">
                <span class="ptitle"></span>
                <span class="price"> </span>
            </div>
                    </div>
        <div class="infopop">
            <div class="in"><span></span>
                <div class="arrow_top"></div>
                <div class="arrow_bottom"></div>
            </div>
        </div>
    </div>
</div><div class="col-third offer-item">
    <div class="item bl_shadow product-243342 paldies-card custom-card offer-2-l-sp-sku         product-border-edlp" data-product-id="243342" data-timeout="5" data-dates-interval="10.02. - 16.02.2026." tabindex="0" role="button">
                                                    <div class="discount price zilacena  ">
            <div class="paldies-card-icon  round-borders">
        <div class="t1-bg"></div>
        <img src="/images/front/sale/icons/zilacena.png" alt="Pastāvīgi izdevīga cena">
    </div>

    <div class="t1  paldies-card round-borders two-digts">
        <span class="value">21</span>
        <span class="cents">49</span>
        <span class="eur">€</span>
        <span class="unit-price"></span>
    </div>

    
    <span class="vline"></span>
</div>                    		
        
        
        <div class="tags tags_primary bottom_icons">
                                                            
                                <div data-alt="Pastāvīgi izdevīga cena" class="tag tag-soap-61 " style="background-image: url('/uploads/sale/pastavigi-izdeviga-cena-3394.png');                     ">
                </div>
                            
                    </div>
        <div class="tags tags_primary info_icon">
            

        </div>

        <div class="info-notice">
            


                                                </div>

        <div class="img">
          <img alt="Kafijas pupiņas LAVAZZA ROSSA vai CREMA E AROMA, 1 kg" src="/uploads/sale/2026/sales_page/02/09//kafijas-pupinas-lavazza-rossa-vai-crema-e-aroma-00305-0209103110.png?1770625870">
        </div>
        <div class="text  custom-card icon-61     ">
            <div class="title">Kafijas pupiņas LAVAZZA ROSSA vai CREMA E AROMA, 1 kg</div>
            <div class="pack">
                <span class="ptitle"></span>
                <span class="price"> </span>
            </div>
                    </div>
        <div class="infopop">
            <div class="in"><span></span>
                <div class="arrow_top"></div>
                <div class="arrow_bottom"></div>
            </div>
        </div>
    </div>
</div><div class="col-third offer-item">
    <div class="item bl_shadow product-243162 paldies-card  offer-2-l-sp-sku         " data-product-id="243162" data-timeout="5" data-dates-interval="10.02. - 16.02.2026." tabindex="0" role="button">
                                                    <div class="discount price  ">
                                                                            <div class="paldies-card-icon ">
                        <img src="/images/front/icons/paldies2-icon.png" alt="Paldies">
                    </div>
                                
                    <div class="t1  paldies-card">
            <span class="value">16</span>
            <span class="cents">99</span>
            <span class="eur">€</span>
            <span class="unit-price"></span>
        </div>
                    <div class="t2">
                <span class="value">29,99</span>
                <span class="eur">€</span>
            </div>
            <div class="t3 ">
                <span class="value">29</span>
                <span class="cents">99</span>
                <span class="eur">€</span>
                            </div>
            
    <span class="vline"></span>
</div>                    		
        
        
        <div class="tags tags_primary bottom_icons">
                                                            
                                <div data-alt="Atlaide ar PALDIES karti" class="tag tag-soap-2 " style="background-image: url('/uploads/sale/atlaide-ar-paldies-karti-7358.png');                     ">
                </div>
                            
                    </div>
        <div class="tags tags_primary info_icon">
            

        </div>

        <div class="info-notice">
            


                                                </div>

        <div class="img">
          <img alt="Satīna gultas veļa ELDORADO HOME, 1 kompl., 200x220 cm/2x 50x70 cm, divas krāsas" src="/uploads/sale/2026/sales_page/02/09//satina-gultas-vela-eldorado-home-00351-0209103034.png?1770625834">
        </div>
        <div class="text paldies-card      ">
            <div class="title">Satīna gultas veļa ELDORADO HOME, 1 kompl., 200x220 cm/2x 50x70 cm, divas krāsas</div>
            <div class="pack">
                <span class="ptitle"></span>
                <span class="price"> </span>
            </div>
                    </div>
        <div class="infopop">
            <div class="in"><span></span>
                <div class="arrow_top"></div>
                <div class="arrow_bottom"></div>
            </div>
        </div>
    </div>
</div><div class="col-third offer-item">
    <div class="item bl_shadow product-243163 paldies-card  offer-2-l-sp-sku         " data-product-id="243163" data-timeout="5" data-dates-interval="10.02. - 16.02.2026." tabindex="0" role="button">
                                                    <div class="discount price  ">
                                                                            <div class="paldies-card-icon ">
                        <img src="/images/front/icons/paldies2-icon.png" alt="Paldies">
                    </div>
                                
                    <div class="t1  paldies-card">
            <span class="value">3</span>
            <span class="cents">99</span>
            <span class="eur">€</span>
            <span class="unit-price"></span>
        </div>
                    <div class="t2">
                <span class="value">6,99</span>
                <span class="eur">€</span>
            </div>
            <div class="t3 ">
                <span class="value">6</span>
                <span class="cents">99</span>
                <span class="eur">€</span>
                            </div>
            
    <span class="vline"></span>
</div>                    		
        
        
        <div class="tags tags_primary bottom_icons">
                                                            
                                <div data-alt="Atlaide ar PALDIES karti" class="tag tag-soap-2 " style="background-image: url('/uploads/sale/atlaide-ar-paldies-karti-7358.png');                     ">
                </div>
                            
                    </div>
        <div class="tags tags_primary info_icon">
            

        </div>

        <div class="info-notice">
            


                                                </div>

        <div class="img">
          <img alt="Frotē dvielis ILAJA, 1 gab., 65x130 cm, divas krāsas" src="/uploads/sale/2026/sales_page/02/09//frote-dvielis-ilaja-00352-0209103034.png?1770625834">
        </div>
        <div class="text paldies-card      ">
            <div class="title">Frotē dvielis ILAJA, 1 gab., 65x130 cm, divas krāsas</div>
            <div class="pack">
                <span class="ptitle"></span>
                <span class="price"> </span>
            </div>
                    </div>
        <div class="infopop">
            <div class="in"><span></span>
                <div class="arrow_top"></div>
                <div class="arrow_bottom"></div>
            </div>
        </div>
    </div>
</div><div class="col-third offer-item">
    <div class="item bl_shadow product-243164 paldies-card  offer-2-l-sp-sku         " data-product-id="243164" data-timeout="5" data-dates-interval="10.02. - 16.02.2026." tabindex="0" role="button">
                                                    <div class="discount price  ">
                                                                            <div class="paldies-card-icon ">
                        <img src="/images/front/icons/paldies2-icon.png" alt="Paldies">
                    </div>
                                
                    <div class="t1  paldies-card">
            <span class="value">5</span>
            <span class="cents">99</span>
            <span class="eur">€</span>
            <span class="unit-price"></span>
        </div>
                    <div class="t2">
                <span class="value">9,99</span>
                <span class="eur">€</span>
            </div>
            <div class="t3 ">
                <span class="value">9</span>
                <span class="cents">99</span>
                <span class="eur">€</span>
                            </div>
            
    <span class="vline"></span>
</div>                    		
        
        
        <div class="tags tags_primary bottom_icons">
                                                            
                                <div data-alt="Atlaide ar PALDIES karti" class="tag tag-soap-2 " style="background-image: url('/uploads/sale/atlaide-ar-paldies-karti-7358.png');                     ">
                </div>
                            
                    </div>
        <div class="tags tags_primary info_icon">
            

        </div>

        <div class="info-notice">
            


                                                </div>

        <div class="img">
          <img alt="Sieviešu vai vīriešu čības SEVEN LEMON, 1 pāris, izmēri 37-42 vai 42-47, četras krāsas" src="/uploads/sale/2026/sales_page/02/09//sieviesu-vai-viriesu-cibas-seven-lemon-00353-0209103034.png?1770625834">
        </div>
        <div class="text paldies-card      ">
            <div class="title">Sieviešu vai vīriešu čības SEVEN LEMON, 1 pāris, izmēri 37-42 vai 42-47, četras krāsas</div>
            <div class="pack">
                <span class="ptitle"></span>
                <span class="price"> </span>
            </div>
                    </div>
        <div class="infopop">
            <div class="in"><span></span>
                <div class="arrow_top"></div>
                <div class="arrow_bottom"></div>
            </div>
        </div>
    </div>
</div><div class="col-third offer-item">
    <div class="item bl_shadow product-243165 paldies-card  offer-2-l-sp-sku units-price        " data-product-id="243165" data-timeout="5" data-dates-interval="10.02. - 16.02.2026." tabindex="0" role="button">
                                                    <div class="discount price with-unit-price ">
                                                                            <div class="paldies-card-icon with-unit-price">
                        <img src="/images/front/icons/paldies2-icon.png" alt="Paldies">
                    </div>
                                
                    <div class="t1 with-unit-price paldies-card">
            <span class="value">5</span>
            <span class="cents">99</span>
            <span class="eur">€</span>
            <span class="unit-price">2,00 €/gab.</span>
        </div>
                    <div class="t2">
                <span class="value">11,99</span>
                <span class="eur">€</span>
            </div>
            <div class="t3 with-unit-price">
                <span class="value">11</span>
                <span class="cents">99</span>
                <span class="eur">€</span>
                <span class="unit-price">4,00 €/gab.</span>            </div>
            
    <span class="vline"></span>
</div>                    		
        
        
        <div class="tags tags_primary bottom_icons">
                                                            
                                <div data-alt="Atlaide ar PALDIES karti" class="tag tag-soap-2 " style="background-image: url('/uploads/sale/atlaide-ar-paldies-karti-7358.png');                     ">
                </div>
                            
                    </div>
        <div class="tags tags_primary info_icon">
            

        </div>

        <div class="info-notice">
            


                                                </div>

        <div class="img">
          <img alt="Vīriešu bokseršorti SEVEN LEMON, 1 iepak./3 gab., izmēri M-XXL, trīs krāsas" src="/uploads/sale/2026/sales_page/02/09//viriesu-boksersorti-seven-lemon-00354-0209103034.png?1770625834">
        </div>
        <div class="text paldies-card      ">
            <div class="title">Vīriešu bokseršorti SEVEN LEMON, 1 iepak./3 gab., izmēri M-XXL, trīs krāsas</div>
            <div class="pack">
                <span class="ptitle"></span>
                <span class="price"> 4,00 €/gab.</span>
            </div>
                    </div>
        <div class="infopop">
            <div class="in"><span></span>
                <div class="arrow_top"></div>
                <div class="arrow_bottom"></div>
            </div>
        </div>
    </div>
</div><div class="col-third offer-item">
    <div class="item bl_shadow product-243166 paldies-card  offer-2-l-sp-sku units-price        " data-product-id="243166" data-timeout="5" data-dates-interval="10.02. - 16.02.2026." tabindex="0" role="button">
                                                    <div class="discount price with-unit-price ">
                                                                            <div class="paldies-card-icon with-unit-price">
                        <img src="/images/front/icons/paldies2-icon.png" alt="Paldies">
                    </div>
                                
                    <div class="t1 with-unit-price paldies-card">
            <span class="value">3</span>
            <span class="cents">99</span>
            <span class="eur">€</span>
            <span class="unit-price">0,80 €/pāris</span>
        </div>
                    <div class="t2">
                <span class="value">6,99</span>
                <span class="eur">€</span>
            </div>
            <div class="t3 with-unit-price">
                <span class="value">6</span>
                <span class="cents">99</span>
                <span class="eur">€</span>
                <span class="unit-price">1,40 €/pāris</span>            </div>
            
    <span class="vline"></span>
</div>                    		
        
        
        <div class="tags tags_primary bottom_icons">
                                                            
                                <div data-alt="Atlaide ar PALDIES karti" class="tag tag-soap-2 " style="background-image: url('/uploads/sale/atlaide-ar-paldies-karti-7358.png');                     ">
                </div>
                            
                    </div>
        <div class="tags tags_primary info_icon">
            

        </div>

        <div class="info-notice">
            


                                                </div>

        <div class="img">
          <img alt="Sieviešu vai vīriešu zeķes SEVEN LEMON, 1 iepak./5 pāri, izmēri 37-42 vai 39-46, četras krāsas" src="/uploads/sale/2026/sales_page/02/09//sieviesu-vai-viriesu-zekes-seven-lemon-00355-0209103034.png?1770625834">
        </div>
        <div class="text paldies-card      ">
            <div class="title">Sieviešu vai vīriešu zeķes SEVEN LEMON, 1 iepak./5 pāri, izmēri 37-42 vai 39-46, četras krāsas</div>
            <div class="pack">
                <span class="ptitle"></span>
                <span class="price"> 1,40 €/pāris</span>
            </div>
                    </div>
        <div class="infopop">
            <div class="in"><span></span>
                <div class="arrow_top"></div>
                <div class="arrow_bottom"></div>
            </div>
        </div>
    </div>
</div><div class="col-third offer-item">
    <div class="item bl_shadow product-243177 paldies-card  offer-2-l-sp-sku         " data-product-id="243177" data-timeout="5" data-dates-interval="10.02. - 16.02.2026." tabindex="0" role="button">
                                                    <div class="discount price  ">
                                                                            <div class="paldies-card-icon ">
                        <img src="/images/front/icons/paldies2-icon.png" alt="Paldies">
                    </div>
                                
                    <div class="t1  paldies-card">
            <span class="value">1</span>
            <span class="cents">99</span>
            <span class="eur">€</span>
            <span class="unit-price"></span>
        </div>
                    <div class="t2">
                <span class="value">3,49</span>
                <span class="eur">€</span>
            </div>
            <div class="t3 ">
                <span class="value">3</span>
                <span class="cents">49</span>
                <span class="eur">€</span>
                            </div>
            
    <span class="vline"></span>
</div>                    		
        
        
        <div class="tags tags_primary bottom_icons">
                                                            
                                <div data-alt="Atlaide ar PALDIES karti" class="tag tag-soap-2 " style="background-image: url('/uploads/sale/atlaide-ar-paldies-karti-7358.png');                     ">
                </div>
                            
                    </div>
        <div class="tags tags_primary info_icon">
            

        </div>

        <div class="info-notice">
            


                                                </div>

        <div class="img">
          <img alt="Sieviešu zeķbikses SEVEN LEMON, 1 gab., 60 den, izmērs 3 vai 5, melnas" src="/uploads/sale/2026/sales_page/02/09//sieviesu-zekbikses-seven-lemon-00356-0209103038.png?1770625838">
        </div>
        <div class="text paldies-card      ">
            <div class="title">Sieviešu zeķbikses SEVEN LEMON, 1 gab., 60 den, izmērs 3 vai 5, melnas</div>
            <div class="pack">
                <span class="ptitle"></span>
                <span class="price"> </span>
            </div>
                    </div>
        <div class="infopop">
            <div class="in"><span></span>
                <div class="arrow_top"></div>
                <div class="arrow_bottom"></div>
            </div>
        </div>
    </div>
</div><div class="col-third offer-item">
    <div class="item bl_shadow product-243178 paldies-card  offer-2-l-sp-sku units-price        " data-product-id="243178" data-timeout="5" data-dates-interval="10.02. - 16.02.2026." tabindex="0" role="button">
                                                    <div class="discount price with-unit-price ">
                                                                            <div class="paldies-card-icon with-unit-price">
                        <img src="/images/front/icons/paldies2-icon.png" alt="Paldies">
                    </div>
                                
                    <div class="t1 with-unit-price paldies-card">
            <span class="value">1</span>
            <span class="cents">29</span>
            <span class="eur">€</span>
            <span class="unit-price">0,11 €/gab.</span>
        </div>
                    <div class="t2">
                <span class="value">2,49</span>
                <span class="eur">€</span>
            </div>
            <div class="t3 with-unit-price">
                <span class="value">2</span>
                <span class="cents">49</span>
                <span class="eur">€</span>
                <span class="unit-price">0,21 €/gab.</span>            </div>
            
    <span class="vline"></span>
</div>                    		
        
        
        <div class="tags tags_primary bottom_icons">
                                                            
                                <div data-alt="Atlaide ar PALDIES karti" class="tag tag-soap-2 " style="background-image: url('/uploads/sale/atlaide-ar-paldies-karti-7358.png');                     ">
                </div>
                            
                    </div>
        <div class="tags tags_primary info_icon">
            

        </div>

        <div class="info-notice">
            


                                                </div>

        <div class="img">
          <img alt="Tīrīšanas sūkļi, 1 iepak./12 gab., 8,5x6,5x4 cm" src="/uploads/sale/2026/sales_page/02/09//tirisanas-sukli-00357-0209103038.png?1770625838">
        </div>
        <div class="text paldies-card      ">
            <div class="title">Tīrīšanas sūkļi, 1 iepak./12 gab., 8,5x6,5x4 cm</div>
            <div class="pack">
                <span class="ptitle"></span>
                <span class="price"> 0,21 €/gab.</span>
            </div>
                    </div>
        <div class="infopop">
            <div class="in"><span></span>
                <div class="arrow_top"></div>
                <div class="arrow_bottom"></div>
            </div>
        </div>
    </div>
</div><div class="col-third offer-item">
    <div class="item bl_shadow product-243179 paldies-card  offer-2-l-sp-sku         " data-product-id="243179" data-timeout="5" data-dates-interval="10.02. - 16.02.2026." tabindex="0" role="button">
                                                    <div class="discount price  ">
                                                                            <div class="paldies-card-icon ">
                        <img src="/images/front/icons/paldies2-icon.png" alt="Paldies">
                    </div>
                                                                                                
                    <div class="t1  paldies-card">
            <span class="value">12</span>
            <span class="cents">49</span>
            <span class="eur">€</span>
            <span class="unit-price"></span>
        </div>
                    <div class="t2">
                <span class="value">24,99</span>
                <span class="eur">€</span>
            </div>
            <div class="t3 ">
                <span class="value">24</span>
                <span class="cents">99</span>
                <span class="eur">€</span>
                            </div>
            
    <span class="vline"></span>
</div>                    		
        
        
        <div class="tags tags_primary bottom_icons">
                                                            
                                <div data-alt="Atlaide ar PALDIES karti" class="tag tag-soap-2 " style="background-image: url('/uploads/sale/atlaide-ar-paldies-karti-7358.png');                     ">
                </div>
                                                                            
                                <div data-alt="Prece pieejama MAXIMA XX veikalos" class="tag tag-soap-3 tag-shops" style="background-image: url('/uploads/sale/piedavajums-speka-maxima-xx-veikalos-6057.png');                     ">
                </div>
                                                                            
                                <div data-alt="Prece pieejama MAXIMA XXX veikalos" class="tag tag-soap-4 tag-shops" style="background-image: url('/uploads/sale/piedavajums-speka-maxima-xxx-veikalos-3117.png');                     ">
                </div>
                            
                    </div>
        <div class="tags tags_primary info_icon">
            
    <div data-alt="Jauda 750 W; Automātiska temperatūras kontrole" class="tag i"></div>

        </div>

        <div class="info-notice">
            


                                                                                                        </div>

        <div class="img">
          <img alt="Vafeļu panna HENSKE ZM-207, 1 gab." src="/uploads/sale/2026/sales_page/02/09//vafelu-panna-henske-zm-207-00358-0209103038.png?1770625838">
        </div>
        <div class="text paldies-card      ">
            <div class="title">Vafeļu panna HENSKE ZM-207, 1 gab.</div>
            <div class="pack">
                <span class="ptitle"></span>
                <span class="price"> </span>
            </div>
                    </div>
        <div class="infopop">
            <div class="in"><span></span>
                <div class="arrow_top"></div>
                <div class="arrow_bottom"></div>
            </div>
        </div>
    </div>
</div><div class="col-third offer-item">
    <div class="item bl_shadow product-243180 paldies-card  offer-2-l-sp-sku         " data-product-id="243180" data-timeout="5" data-dates-interval="10.02. - 16.02.2026." tabindex="0" role="button">
                                                    <div class="discount price  ">
                                                                            <div class="paldies-card-icon ">
                        <img src="/images/front/icons/paldies2-icon.png" alt="Paldies">
                    </div>
                                
                    <div class="t1  paldies-card">
            <span class="value">14</span>
            <span class="cents">99</span>
            <span class="eur">€</span>
            <span class="unit-price"></span>
        </div>
                    <div class="t2">
                <span class="value">29,99</span>
                <span class="eur">€</span>
            </div>
            <div class="t3 ">
                <span class="value">29</span>
                <span class="cents">99</span>
                <span class="eur">€</span>
                            </div>
            
    <span class="vline"></span>
</div>                    		
        
        
        <div class="tags tags_primary bottom_icons">
                                                            
                                <div data-alt="Atlaide ar PALDIES karti" class="tag tag-soap-2 " style="background-image: url('/uploads/sale/atlaide-ar-paldies-karti-7358.png');                     ">
                </div>
                            
                    </div>
        <div class="tags tags_primary info_icon">
            
    <div data-alt="Jauda 1850-2200 W; Tilpums 1,7 l" class="tag i"></div>

        </div>

        <div class="info-notice">
            


                                                </div>

        <div class="img">
          <img alt="Elektriskā tējkanna HENSKE HHB1788, 1 gab." src="/uploads/sale/2026/sales_page/02/09//elektriska-tejkanna-henske-hhb1788-00359-0209103038.png?1770625838">
        </div>
        <div class="text paldies-card      ">
            <div class="title">Elektriskā tējkanna HENSKE HHB1788, 1 gab.</div>
            <div class="pack">
                <span class="ptitle"></span>
                <span class="price"> </span>
            </div>
                    </div>
        <div class="infopop">
            <div class="in"><span></span>
                <div class="arrow_top"></div>
                <div class="arrow_bottom"></div>
            </div>
        </div>
    </div>
</div><div class="col-third offer-item">
    <div class="item bl_shadow product-243181 paldies-card  offer-2-l-sp-sku         " data-product-id="243181" data-timeout="5" data-dates-interval="10.02. - 16.02.2026." tabindex="0" role="button">
                                                    <div class="discount price  ">
                                                                            <div class="paldies-card-icon ">
                        <img src="/images/front/icons/paldies2-icon.png" alt="Paldies">
                    </div>
                                
                    <div class="t1  paldies-card">
            <span class="value">6</span>
            <span class="cents">99</span>
            <span class="eur">€</span>
            <span class="unit-price"></span>
        </div>
                    <div class="t2">
                <span class="value">11,99</span>
                <span class="eur">€</span>
            </div>
            <div class="t3 ">
                <span class="value">11</span>
                <span class="cents">99</span>
                <span class="eur">€</span>
                            </div>
            
    <span class="vline"></span>
</div>                    		
        
        
        <div class="tags tags_primary bottom_icons">
                                                            
                                <div data-alt="Atlaide ar PALDIES karti" class="tag tag-soap-2 " style="background-image: url('/uploads/sale/atlaide-ar-paldies-karti-7358.png');                     ">
                </div>
                            
                    </div>
        <div class="tags tags_primary info_icon">
            

        </div>

        <div class="info-notice">
            


                                                </div>

        <div class="img">
          <img alt="Cepšanas forma UNIWELL, 1 gab., izmēri 31x17,7x6 cm" src="/uploads/sale/2026/sales_page/02/09//cepsanas-forma-uniwell-00360-0209103038.png?1770625838">
        </div>
        <div class="text paldies-card      ">
            <div class="title">Cepšanas forma UNIWELL, 1 gab., izmēri 31x17,7x6 cm</div>
            <div class="pack">
                <span class="ptitle"></span>
                <span class="price"> </span>
            </div>
                    </div>
        <div class="infopop">
            <div class="in"><span></span>
                <div class="arrow_top"></div>
                <div class="arrow_bottom"></div>
            </div>
        </div>
    </div>
</div><div class="col-third offer-item">
    <div class="item bl_shadow product-243182 paldies-card  offer-2-l-sp-sku         " data-product-id="243182" data-timeout="5" data-dates-interval="10.02. - 16.02.2026." tabindex="0" role="button">
                                                    <div class="discount price  ">
                                                                            <div class="paldies-card-icon ">
                        <img src="/images/front/icons/paldies2-icon.png" alt="Paldies">
                    </div>
                                
                    <div class="t1  paldies-card">
            <span class="value">8</span>
            <span class="cents">99</span>
            <span class="eur">€</span>
            <span class="unit-price"></span>
        </div>
                    <div class="t2">
                <span class="value">15,99</span>
                <span class="eur">€</span>
            </div>
            <div class="t3 ">
                <span class="value">15</span>
                <span class="cents">99</span>
                <span class="eur">€</span>
                            </div>
            
    <span class="vline"></span>
</div>                    		
        
        
        <div class="tags tags_primary bottom_icons">
                                                            
                                <div data-alt="Atlaide ar PALDIES karti" class="tag tag-soap-2 " style="background-image: url('/uploads/sale/atlaide-ar-paldies-karti-7358.png');                     ">
                </div>
                            
                    </div>
        <div class="tags tags_primary info_icon">
            

        </div>

        <div class="info-notice">
            


                                                </div>

        <div class="img">
          <img alt="Kastrolis ar vāku UNIWELL, 1 gab., Ø16 cm, 1,5 l" src="/uploads/sale/2026/sales_page/02/09//kastrolis-ar-vaku-uniwell-00361-0209103038.png?1770625838">
        </div>
        <div class="text paldies-card      ">
            <div class="title">Kastrolis ar vāku UNIWELL, 1 gab., Ø16 cm, 1,5 l</div>
            <div class="pack">
                <span class="ptitle"></span>
                <span class="price"> </span>
            </div>
                    </div>
        <div class="infopop">
            <div class="in"><span></span>
                <div class="arrow_top"></div>
                <div class="arrow_bottom"></div>
            </div>
        </div>
    </div>
</div><div class="col-third offer-item">
    <div class="item bl_shadow product-243183 paldies-card  offer-2-l-sp-sku         " data-product-id="243183" data-timeout="5" data-dates-interval="10.02. - 16.02.2026." tabindex="0" role="button">
                                                    <div class="discount price  ">
                                                                            <div class="paldies-card-icon ">
                        <img src="/images/front/icons/paldies2-icon.png" alt="Paldies">
                    </div>
                                
                    <div class="t1  paldies-card">
            <span class="value">29</span>
            <span class="cents">99</span>
            <span class="eur">€</span>
            <span class="unit-price"></span>
        </div>
                    <div class="t2">
                <span class="value">52,99</span>
                <span class="eur">€</span>
            </div>
            <div class="t3 ">
                <span class="value">52</span>
                <span class="cents">99</span>
                <span class="eur">€</span>
                            </div>
            
    <span class="vline"></span>
</div>                    		
        
        
        <div class="tags tags_primary bottom_icons">
                                                            
                                <div data-alt="Atlaide ar PALDIES karti" class="tag tag-soap-2 " style="background-image: url('/uploads/sale/atlaide-ar-paldies-karti-7358.png');                     ">
                </div>
                            
                    </div>
        <div class="tags tags_primary info_icon">
            

        </div>

        <div class="info-notice">
            


                                                </div>

        <div class="img">
          <img alt="Panna FISKARS un lāpstiņa, 1 kompl., Ø28 cm" src="/uploads/sale/2026/sales_page/02/09//panna-fiskars-un-lapstina-00362-0209103038.png?1770625838">
        </div>
        <div class="text paldies-card      ">
            <div class="title">Panna FISKARS un lāpstiņa, 1 kompl., Ø28 cm</div>
            <div class="pack">
                <span class="ptitle"></span>
                <span class="price"> </span>
            </div>
                    </div>
        <div class="infopop">
            <div class="in"><span></span>
                <div class="arrow_top"></div>
                <div class="arrow_bottom"></div>
            </div>
        </div>
    </div>
</div><div class="col-third offer-item">
    <div class="item bl_shadow product-243184   offer-2-l-pd-sku         " data-product-id="243184" data-timeout="5" data-dates-interval="12.02. - 16.02.2026." tabindex="0" role="button">
                                                    <div class="discount percents">
            <div class="percents_wrapper">
        <span class="sign">-</span><span class="value">20</span><span class="per">%</span>
    </div>
    <span class="vline"></span>
</div>                    		
        
        
        <div class="tags tags_primary bottom_icons">
            
                    </div>
        <div class="tags tags_primary info_icon">
            
    <div data-alt="Cena pie preces norādīta bez atlaides.&lt;br&gt;Prece pieejama 12.02. - 16.02." class="tag i"></div>

        </div>

        <div class="info-notice">
            


                    </div>

        <div class="img">
          <img alt="Biezpienam" src="/uploads/sale//biezpienam-00363-0212083017.png?1770877817">
        </div>
        <div class="text   discount-type    ">
            <div class="title">Biezpienam</div>
            <div class="pack">
                <span class="ptitle"></span>
                <span class="price"> </span>
            </div>
                    </div>
        <div class="infopop">
            <div class="in"><span></span>
                <div class="arrow_top"></div>
                <div class="arrow_bottom"></div>
            </div>
        </div>
    </div>
</div><div class="col-third offer-item">
    <div class="item bl_shadow product-243185   offer-2-l-pd-sku         " data-product-id="243185" data-timeout="5" data-dates-interval="12.02. - 16.02.2026." tabindex="0" role="button">
                                                    <div class="discount percents">
            <div class="percents_wrapper">
        <span class="sign">-</span><span class="value">30</span><span class="per">%</span>
    </div>
    <span class="vline"></span>
</div>                    		
        
        
        <div class="tags tags_primary bottom_icons">
            
                    </div>
        <div class="tags tags_primary info_icon">
            
    <div data-alt="Cena pie preces norādīta ar atlaidi.&lt;br&gt;Prece pieejama 12.02. - 16.02." class="tag i"></div>

        </div>

        <div class="info-notice">
            


                    </div>

        <div class="img">
          <img alt="Spānijas un Itālijas pārstrādātās gaļas produktiem" src="/uploads/sale//spanijas-un-italijas-parstradatas-galas-produktiem-00364-0212083017.png?1770877817">
        </div>
        <div class="text   discount-type    ">
            <div class="title">Spānijas un Itālijas pārstrādātās gaļas produktiem</div>
            <div class="pack">
                <span class="ptitle"></span>
                <span class="price"> </span>
            </div>
                    </div>
        <div class="infopop">
            <div class="in"><span></span>
                <div class="arrow_top"></div>
                <div class="arrow_bottom"></div>
            </div>
        </div>
    </div>
</div><div class="col-third offer-item">
    <div class="item bl_shadow product-243186   offer-2-l-pd-sku         " data-product-id="243186" data-timeout="5" data-dates-interval="12.02. - 16.02.2026." tabindex="0" role="button">
                                                    <div class="discount percents">
            <div class="percents_wrapper">
        <span class="sign">-</span><span class="value">20</span><span class="per">%</span>
    </div>
    <span class="vline"></span>
</div>                    		
        
        
        <div class="tags tags_primary bottom_icons">
            
                    </div>
        <div class="tags tags_primary info_icon">
            
    <div data-alt="Cena pie preces norādīta ar atlaidi.&lt;br&gt;Prece pieejama 12.02. - 16.02." class="tag i"></div>

        </div>

        <div class="info-notice">
            


                    </div>

        <div class="img">
          <img alt="Atdzesētajām un saldētajām jūras veltēm, (izņemot svaigām un saldētām zivīm, zivju produktiem)" src="/uploads/sale//atdzesetajam-un-saldetajam-juras-veltem-00365-0212083017.png?1770877817">
        </div>
        <div class="text   discount-type    ">
            <div class="title">Atdzesētajām un saldētajām jūras veltēm, (izņemot svaigām un saldētām zivīm, zivju produktiem)</div>
            <div class="pack">
                <span class="ptitle"></span>
                <span class="price"> </span>
            </div>
                    </div>
        <div class="infopop">
            <div class="in"><span></span>
                <div class="arrow_top"></div>
                <div class="arrow_bottom"></div>
            </div>
        </div>
    </div>
</div><div class="col-third offer-item">
    <div class="item bl_shadow product-243162 paldies-card  offer-2-l-sp-sku         " data-product-id="243162" data-timeout="5" data-dates-interval="10.02. - 16.02.2026." tabindex="0" role="button">
                                                    <div class="discount price  ">
                                                                            <div class="paldies-card-icon ">
                        <img src="/images/front/icons/paldies2-icon.png" alt="Paldies">
                    </div>
                                
                    <div class="t1  paldies-card">
            <span class="value">16</span>
            <span class="cents">99</span>
            <span class="eur">€</span>
            <span class="unit-price"></span>
        </div>
                    <div class="t2">
                <span class="value">29,99</span>
                <span class="eur">€</span>
            </div>
            <div class="t3 ">
                <span class="value">29</span>
                <span class="cents">99</span>
                <span class="eur">€</span>
                            </div>
            
    <span class="vline"></span>
</div>                    		
        
        
        <div class="tags tags_primary bottom_icons">
                                                            
                                <div data-alt="Atlaide ar PALDIES karti" class="tag tag-soap-2 " style="background-image: url('/uploads/sale/atlaide-ar-paldies-karti-7358.png');                     ">
                </div>
                            
                    </div>
        <div class="tags tags_primary info_icon">
            

        </div>

        <div class="info-notice">
            


                                                </div>

        <div class="img">
          <img alt="Satīna gultas veļa ELDORADO HOME, 1 kompl., 200x220 cm/2x 50x70 cm, divas krāsas" src="/uploads/sale/2026/sales_page/02/09//satina-gultas-vela-eldorado-home-00351-0209103034.png?1770625834">
        </div>
        <div class="text paldies-card      ">
            <div class="title">Satīna gultas veļa ELDORADO HOME, 1 kompl., 200x220 cm/2x 50x70 cm, divas krāsas</div>
            <div class="pack">
                <span class="ptitle"></span>
                <span class="price"> </span>
            </div>
                    </div>
        <div class="infopop">
            <div class="in"><span></span>
                <div class="arrow_top"></div>
                <div class="arrow_bottom"></div>
            </div>
        </div>
    </div>
</div><div class="col-third offer-item">
    <div class="item bl_shadow product-243163 paldies-card  offer-2-l-sp-sku         " data-product-id="243163" data-timeout="5" data-dates-interval="10.02. - 16.02.2026." tabindex="0" role="button">
                                                    <div class="discount price  ">
                                                                            <div class="paldies-card-icon ">
                        <img src="/images/front/icons/paldies2-icon.png" alt="Paldies">
                    </div>
                                
                    <div class="t1  paldies-card">
            <span class="value">3</span>
            <span class="cents">99</span>
            <span class="eur">€</span>
            <span class="unit-price"></span>
        </div>
                    <div class="t2">
                <span class="value">6,99</span>
                <span class="eur">€</span>
            </div>
            <div class="t3 ">
                <span class="value">6</span>
                <span class="cents">99</span>
                <span class="eur">€</span>
                            </div>
            
    <span class="vline"></span>
</div>                    		
        
        
        <div class="tags tags_primary bottom_icons">
                                                            
                                <div data-alt="Atlaide ar PALDIES karti" class="tag tag-soap-2 " style="background-image: url('/uploads/sale/atlaide-ar-paldies-karti-7358.png');                     ">
                </div>
                            
                    </div>
        <div class="tags tags_primary info_icon">
            

        </div>

        <div class="info-notice">
            


                                                </div>

        <div class="img">
          <img alt="Frotē dvielis ILAJA, 1 gab., 65x130 cm, divas krāsas" src="/uploads/sale/2026/sales_page/02/09//frote-dvielis-ilaja-00352-0209103034.png?1770625834">
        </div>
        <div class="text paldies-card      ">
            <div class="title">Frotē dvielis ILAJA, 1 gab., 65x130 cm, divas krāsas</div>
            <div class="pack">
                <span class="ptitle"></span>
                <span class="price"> </span>
            </div>
                    </div>
        <div class="infopop">
            <div class="in"><span></span>
                <div class="arrow_top"></div>
                <div class="arrow_bottom"></div>
            </div>
        </div>
    </div>
</div><div class="col-third offer-item">
    <div class="item bl_shadow product-243164 paldies-card  offer-2-l-sp-sku         " data-product-id="243164" data-timeout="5" data-dates-interval="10.02. - 16.02.2026." tabindex="0" role="button">
                                                    <div class="discount price  ">
                                                                            <div class="paldies-card-icon ">
                        <img src="/images/front/icons/paldies2-icon.png" alt="Paldies">
                    </div>
                                
                    <div class="t1  paldies-card">
            <span class="value">5</span>
            <span class="cents">99</span>
            <span class="eur">€</span>
            <span class="unit-price"></span>
        </div>
                    <div class="t2">
                <span class="value">9,99</span>
                <span class="eur">€</span>
            </div>
            <div class="t3 ">
                <span class="value">9</span>
                <span class="cents">99</span>
                <span class="eur">€</span>
                            </div>
            
    <span class="vline"></span>
</div>                    		
        
        
        <div class="tags tags_primary bottom_icons">
                                                            
                                <div data-alt="Atlaide ar PALDIES karti" class="tag tag-soap-2 " style="background-image: url('/uploads/sale/atlaide-ar-paldies-karti-7358.png');                     ">
                </div>
                            
                    </div>
        <div class="tags tags_primary info_icon">
            

        </div>

        <div class="info-notice">
            


                                                </div>

        <div class="img">
          <img alt="Sieviešu vai vīriešu čības SEVEN LEMON, 1 pāris, izmēri 37-42 vai 42-47, četras krāsas" src="/uploads/sale/2026/sales_page/02/09//sieviesu-vai-viriesu-cibas-seven-lemon-00353-0209103034.png?1770625834">
        </div>
        <div class="text paldies-card      ">
            <div class="title">Sieviešu vai vīriešu čības SEVEN LEMON, 1 pāris, izmēri 37-42 vai 42-47, četras krāsas</div>
            <div class="pack">
                <span class="ptitle"></span>
                <span class="price"> </span>
            </div>
                    </div>
        <div class="infopop">
            <div class="in"><span></span>
                <div class="arrow_top"></div>
                <div class="arrow_bottom"></div>
            </div>
        </div>
    </div>
</div><div class="col-third offer-item">
    <div class="item bl_shadow product-243165 paldies-card  offer-2-l-sp-sku units-price        " data-product-id="243165" data-timeout="5" data-dates-interval="10.02. - 16.02.2026." tabindex="0" role="button">
                                                    <div class="discount price with-unit-price ">
                                                                            <div class="paldies-card-icon with-unit-price">
                        <img src="/images/front/icons/paldies2-icon.png" alt="Paldies">
                    </div>
                                
                    <div class="t1 with-unit-price paldies-card">
            <span class="value">5</span>
            <span class="cents">99</span>
            <span class="eur">€</span>
            <span class="unit-price">2,00 €/gab.</span>
        </div>
                    <div class="t2">
                <span class="value">11,99</span>
                <span class="eur">€</span>
            </div>
            <div class="t3 with-unit-price">
                <span class="value">11</span>
                <span class="cents">99</span>
                <span class="eur">€</span>
                <span class="unit-price">4,00 €/gab.</span>            </div>
            
    <span class="vline"></span>
</div>                    		
        
        
        <div class="tags tags_primary bottom_icons">
                                                            
                                <div data-alt="Atlaide ar PALDIES karti" class="tag tag-soap-2 " style="background-image: url('/uploads/sale/atlaide-ar-paldies-karti-7358.png');                     ">
                </div>
                            
                    </div>
        <div class="tags tags_primary info_icon">
            

        </div>

        <div class="info-notice">
            


                                                </div>

        <div class="img">
          <img alt="Vīriešu bokseršorti SEVEN LEMON, 1 iepak./3 gab., izmēri M-XXL, trīs krāsas" src="/uploads/sale/2026/sales_page/02/09//viriesu-boksersorti-seven-lemon-00354-0209103034.png?1770625834">
        </div>
        <div class="text paldies-card      ">
            <div class="title">Vīriešu bokseršorti SEVEN LEMON, 1 iepak./3 gab., izmēri M-XXL, trīs krāsas</div>
            <div class="pack">
                <span class="ptitle"></span>
                <span class="price"> 4,00 €/gab.</span>
            </div>
                    </div>
        <div class="infopop">
            <div class="in"><span></span>
                <div class="arrow_top"></div>
                <div class="arrow_bottom"></div>
            </div>
        </div>
    </div>
</div><div class="col-third offer-item">
    <div class="item bl_shadow product-243166 paldies-card  offer-2-l-sp-sku units-price        " data-product-id="243166" data-timeout="5" data-dates-interval="10.02. - 16.02.2026." tabindex="0" role="button">
                                                    <div class="discount price with-unit-price ">
                                                                            <div class="paldies-card-icon with-unit-price">
                        <img src="/images/front/icons/paldies2-icon.png" alt="Paldies">
                    </div>
                                
                    <div class="t1 with-unit-price paldies-card">
            <span class="value">3</span>
            <span class="cents">99</span>
            <span class="eur">€</span>
            <span class="unit-price">0,80 €/pāris</span>
        </div>
                    <div class="t2">
                <span class="value">6,99</span>
                <span class="eur">€</span>
            </div>
            <div class="t3 with-unit-price">
                <span class="value">6</span>
                <span class="cents">99</span>
                <span class="eur">€</span>
                <span class="unit-price">1,40 €/pāris</span>            </div>
            
    <span class="vline"></span>
</div>                    		
        
        
        <div class="tags tags_primary bottom_icons">
                                                            
                                <div data-alt="Atlaide ar PALDIES karti" class="tag tag-soap-2 " style="background-image: url('/uploads/sale/atlaide-ar-paldies-karti-7358.png');                     ">
                </div>
                            
                    </div>
        <div class="tags tags_primary info_icon">
            

        </div>

        <div class="info-notice">
            


                                                </div>

        <div class="img">
          <img alt="Sieviešu vai vīriešu zeķes SEVEN LEMON, 1 iepak./5 pāri, izmēri 37-42 vai 39-46, četras krāsas" src="/uploads/sale/2026/sales_page/02/09//sieviesu-vai-viriesu-zekes-seven-lemon-00355-0209103034.png?1770625834">
        </div>
        <div class="text paldies-card      ">
            <div class="title">Sieviešu vai vīriešu zeķes SEVEN LEMON, 1 iepak./5 pāri, izmēri 37-42 vai 39-46, četras krāsas</div>
            <div class="pack">
                <span class="ptitle"></span>
                <span class="price"> 1,40 €/pāris</span>
            </div>
                    </div>
        <div class="infopop">
            <div class="in"><span></span>
                <div class="arrow_top"></div>
                <div class="arrow_bottom"></div>
            </div>
        </div>
    </div>
</div><div class="col-third offer-item">
    <div class="item bl_shadow product-243177 paldies-card  offer-2-l-sp-sku         " data-product-id="243177" data-timeout="5" data-dates-interval="10.02. - 16.02.2026." tabindex="0" role="button">
                                                    <div class="discount price  ">
                                                                            <div class="paldies-card-icon ">
                        <img src="/images/front/icons/paldies2-icon.png" alt="Paldies">
                    </div>
                                
                    <div class="t1  paldies-card">
            <span class="value">1</span>
            <span class="cents">99</span>
            <span class="eur">€</span>
            <span class="unit-price"></span>
        </div>
                    <div class="t2">
                <span class="value">3,49</span>
                <span class="eur">€</span>
            </div>
            <div class="t3 ">
                <span class="value">3</span>
                <span class="cents">49</span>
                <span class="eur">€</span>
                            </div>
            
    <span class="vline"></span>
</div>                    		
        
        
        <div class="tags tags_primary bottom_icons">
                                                            
                                <div data-alt="Atlaide ar PALDIES karti" class="tag tag-soap-2 " style="background-image: url('/uploads/sale/atlaide-ar-paldies-karti-7358.png');                     ">
                </div>
                            
                    </div>
        <div class="tags tags_primary info_icon">
            

        </div>

        <div class="info-notice">
            


                                                </div>

        <div class="img">
          <img alt="Sieviešu zeķbikses SEVEN LEMON, 1 gab., 60 den, izmērs 3 vai 5, melnas" src="/uploads/sale/2026/sales_page/02/09//sieviesu-zekbikses-seven-lemon-00356-0209103038.png?1770625838">
        </div>
        <div class="text paldies-card      ">
            <div class="title">Sieviešu zeķbikses SEVEN LEMON, 1 gab., 60 den, izmērs 3 vai 5, melnas</div>
            <div class="pack">
                <span class="ptitle"></span>
                <span class="price"> </span>
            </div>
                    </div>
        <div class="infopop">
            <div class="in"><span></span>
                <div class="arrow_top"></div>
                <div class="arrow_bottom"></div>
            </div>
        </div>
    </div>
</div><div class="col-third offer-item">
    <div class="item bl_shadow product-243178 paldies-card  offer-2-l-sp-sku units-price        " data-product-id="243178" data-timeout="5" data-dates-interval="10.02. - 16.02.2026." tabindex="0" role="button">
                                                    <div class="discount price with-unit-price ">
                                                                            <div class="paldies-card-icon with-unit-price">
                        <img src="/images/front/icons/paldies2-icon.png" alt="Paldies">
                    </div>
                                
                    <div class="t1 with-unit-price paldies-card">
            <span class="value">1</span>
            <span class="cents">29</span>
            <span class="eur">€</span>
            <span class="unit-price">0,11 €/gab.</span>
        </div>
                    <div class="t2">
                <span class="value">2,49</span>
                <span class="eur">€</span>
            </div>
            <div class="t3 with-unit-price">
                <span class="value">2</span>
                <span class="cents">49</span>
                <span class="eur">€</span>
                <span class="unit-price">0,21 €/gab.</span>            </div>
            
    <span class="vline"></span>
</div>                    		
        
        
        <div class="tags tags_primary bottom_icons">
                                                            
                                <div data-alt="Atlaide ar PALDIES karti" class="tag tag-soap-2 " style="background-image: url('/uploads/sale/atlaide-ar-paldies-karti-7358.png');                     ">
                </div>
                            
                    </div>
        <div class="tags tags_primary info_icon">
            

        </div>

        <div class="info-notice">
            


                                                </div>

        <div class="img">
          <img alt="Tīrīšanas sūkļi, 1 iepak./12 gab., 8,5x6,5x4 cm" src="/uploads/sale/2026/sales_page/02/09//tirisanas-sukli-00357-0209103038.png?1770625838">
        </div>
        <div class="text paldies-card      ">
            <div class="title">Tīrīšanas sūkļi, 1 iepak./12 gab., 8,5x6,5x4 cm</div>
            <div class="pack">
                <span class="ptitle"></span>
                <span class="price"> 0,21 €/gab.</span>
            </div>
                    </div>
        <div class="infopop">
            <div class="in"><span></span>
                <div class="arrow_top"></div>
                <div class="arrow_bottom"></div>
            </div>
        </div>
    </div>
</div><div class="col-third offer-item">
    <div class="item bl_shadow product-243179 paldies-card  offer-2-l-sp-sku         " data-product-id="243179" data-timeout="5" data-dates-interval="10.02. - 16.02.2026." tabindex="0" role="button">
                                                    <div class="discount price  ">
                                                                            <div class="paldies-card-icon ">
                        <img src="/images/front/icons/paldies2-icon.png" alt="Paldies">
                    </div>
                                                                                                
                    <div class="t1  paldies-card">
            <span class="value">12</span>
            <span class="cents">49</span>
            <span class="eur">€</span>
            <span class="unit-price"></span>
        </div>
                    <div class="t2">
                <span class="value">24,99</span>
                <span class="eur">€</span>
            </div>
            <div class="t3 ">
                <span class="value">24</span>
                <span class="cents">99</span>
                <span class="eur">€</span>
                            </div>
            
    <span class="vline"></span>
</div>                    		
        
        
        <div class="tags tags_primary bottom_icons">
                                                            
                                <div data-alt="Atlaide ar PALDIES karti" class="tag tag-soap-2 " style="background-image: url('/uploads/sale/atlaide-ar-paldies-karti-7358.png');                     ">
                </div>
                                                                            
                                <div data-alt="Prece pieejama MAXIMA XX veikalos" class="tag tag-soap-3 tag-shops" style="background-image: url('/uploads/sale/piedavajums-speka-maxima-xx-veikalos-6057.png');                     ">
                </div>
                                                                            
                                <div data-alt="Prece pieejama MAXIMA XXX veikalos" class="tag tag-soap-4 tag-shops" style="background-image: url('/uploads/sale/piedavajums-speka-maxima-xxx-veikalos-3117.png');                     ">
                </div>
                            
                    </div>
        <div class="tags tags_primary info_icon">
            
    <div data-alt="Jauda 750 W; Automātiska temperatūras kontrole" class="tag i"></div>

        </div>

        <div class="info-notice">
            


                                                                                                        </div>

        <div class="img">
          <img alt="Vafeļu panna HENSKE ZM-207, 1 gab." src="/uploads/sale/2026/sales_page/02/09//vafelu-panna-henske-zm-207-00358-0209103038.png?1770625838">
        </div>
        <div class="text paldies-card      ">
            <div class="title">Vafeļu panna HENSKE ZM-207, 1 gab.</div>
            <div class="pack">
                <span class="ptitle"></span>
                <span class="price"> </span>
            </div>
                    </div>
        <div class="infopop">
            <div class="in"><span></span>
                <div class="arrow_top"></div>
                <div class="arrow_bottom"></div>
            </div>
        </div>
    </div>
</div><div class="col-third offer-item">
    <div class="item bl_shadow product-243180 paldies-card  offer-2-l-sp-sku         " data-product-id="243180" data-timeout="5" data-dates-interval="10.02. - 16.02.2026." tabindex="0" role="button">
                                                    <div class="discount price  ">
                                                                            <div class="paldies-card-icon ">
                        <img src="/images/front/icons/paldies2-icon.png" alt="Paldies">
                    </div>
                                
                    <div class="t1  paldies-card">
            <span class="value">14</span>
            <span class="cents">99</span>
            <span class="eur">€</span>
            <span class="unit-price"></span>
        </div>
                    <div class="t2">
                <span class="value">29,99</span>
                <span class="eur">€</span>
            </div>
            <div class="t3 ">
                <span class="value">29</span>
                <span class="cents">99</span>
                <span class="eur">€</span>
                            </div>
            
    <span class="vline"></span>
</div>                    		
        
        
        <div class="tags tags_primary bottom_icons">
                                                            
                                <div data-alt="Atlaide ar PALDIES karti" class="tag tag-soap-2 " style="background-image: url('/uploads/sale/atlaide-ar-paldies-karti-7358.png');                     ">
                </div>
                            
                    </div>
        <div class="tags tags_primary info_icon">
            
    <div data-alt="Jauda 1850-2200 W; Tilpums 1,7 l" class="tag i"></div>

        </div>

        <div class="info-notice">
            


                                                </div>

        <div class="img">
          <img alt="Elektriskā tējkanna HENSKE HHB1788, 1 gab." src="/uploads/sale/2026/sales_page/02/09//elektriska-tejkanna-henske-hhb1788-00359-0209103038.png?1770625838">
        </div>
        <div class="text paldies-card      ">
            <div class="title">Elektriskā tējkanna HENSKE HHB1788, 1 gab.</div>
            <div class="pack">
                <span class="ptitle"></span>
                <span class="price"> </span>
            </div>
                    </div>
        <div class="infopop">
            <div class="in"><span></span>
                <div class="arrow_top"></div>
                <div class="arrow_bottom"></div>
            </div>
        </div>
    </div>
</div><div class="col-third offer-item">
    <div class="item bl_shadow product-243181 paldies-card  offer-2-l-sp-sku         " data-product-id="243181" data-timeout="5" data-dates-interval="10.02. - 16.02.2026." tabindex="0" role="button">
                                                    <div class="discount price  ">
                                                                            <div class="paldies-card-icon ">
                        <img src="/images/front/icons/paldies2-icon.png" alt="Paldies">
                    </div>
                                
                    <div class="t1  paldies-card">
            <span class="value">6</span>
            <span class="cents">99</span>
            <span class="eur">€</span>
            <span class="unit-price"></span>
        </div>
                    <div class="t2">
                <span class="value">11,99</span>
                <span class="eur">€</span>
            </div>
            <div class="t3 ">
                <span class="value">11</span>
                <span class="cents">99</span>
                <span class="eur">€</span>
                            </div>
            
    <span class="vline"></span>
</div>                    		
        
        
        <div class="tags tags_primary bottom_icons">
                                                            
                                <div data-alt="Atlaide ar PALDIES karti" class="tag tag-soap-2 " style="background-image: url('/uploads/sale/atlaide-ar-paldies-karti-7358.png');                     ">
                </div>
                            
                    </div>
        <div class="tags tags_primary info_icon">
            

        </div>

        <div class="info-notice">
            


                                                </div>

        <div class="img">
          <img alt="Cepšanas forma UNIWELL, 1 gab., izmēri 31x17,7x6 cm" src="/uploads/sale/2026/sales_page/02/09//cepsanas-forma-uniwell-00360-0209103038.png?1770625838">
        </div>
        <div class="text paldies-card      ">
            <div class="title">Cepšanas forma UNIWELL, 1 gab., izmēri 31x17,7x6 cm</div>
            <div class="pack">
                <span class="ptitle"></span>
                <span class="price"> </span>
            </div>
                    </div>
        <div class="infopop">
            <div class="in"><span></span>
                <div class="arrow_top"></div>
                <div class="arrow_bottom"></div>
            </div>
        </div>
    </div>
</div><div class="col-third offer-item">
    <div class="item bl_shadow product-243182 paldies-card  offer-2-l-sp-sku         " data-product-id="243182" data-timeout="5" data-dates-interval="10.02. - 16.02.2026." tabindex="0" role="button">
                                                    <div class="discount price  ">
                                                                            <div class="paldies-card-icon ">
                        <img src="/images/front/icons/paldies2-icon.png" alt="Paldies">
                    </div>
                                
                    <div class="t1  paldies-card">
            <span class="value">8</span>
            <span class="cents">99</span>
            <span class="eur">€</span>
            <span class="unit-price"></span>
        </div>
                    <div class="t2">
                <span class="value">15,99</span>
                <span class="eur">€</span>
            </div>
            <div class="t3 ">
                <span class="value">15</span>
                <span class="cents">99</span>
                <span class="eur">€</span>
                            </div>
            
    <span class="vline"></span>
</div>                    		
        
        
        <div class="tags tags_primary bottom_icons">
                                                            
                                <div data-alt="Atlaide ar PALDIES karti" class="tag tag-soap-2 " style="background-image: url('/uploads/sale/atlaide-ar-paldies-karti-7358.png');                     ">
                </div>
                            
                    </div>
        <div class="tags tags_primary info_icon">
            

        </div>

        <div class="info-notice">
            


                                                </div>

        <div class="img">
          <img alt="Kastrolis ar vāku UNIWELL, 1 gab., Ø16 cm, 1,5 l" src="/uploads/sale/2026/sales_page/02/09//kastrolis-ar-vaku-uniwell-00361-0209103038.png?1770625838">
        </div>
        <div class="text paldies-card      ">
            <div class="title">Kastrolis ar vāku UNIWELL, 1 gab., Ø16 cm, 1,5 l</div>
            <div class="pack">
                <span class="ptitle"></span>
                <span class="price"> </span>
            </div>
                    </div>
        <div class="infopop">
            <div class="in"><span></span>
                <div class="arrow_top"></div>
                <div class="arrow_bottom"></div>
            </div>
        </div>
    </div>
</div><div class="col-third offer-item">
    <div class="item bl_shadow product-243183 paldies-card  offer-2-l-sp-sku         " data-product-id="243183" data-timeout="5" data-dates-interval="10.02. - 16.02.2026." tabindex="0" role="button">
                                                    <div class="discount price  ">
                                                                            <div class="paldies-card-icon ">
                        <img src="/images/front/icons/paldies2-icon.png" alt="Paldies">
                    </div>
                                
                    <div class="t1  paldies-card">
            <span class="value">29</span>
            <span class="cents">99</span>
            <span class="eur">€</span>
            <span class="unit-price"></span>
        </div>
                    <div class="t2">
                <span class="value">52,99</span>
                <span class="eur">€</span>
            </div>
            <div class="t3 ">
                <span class="value">52</span>
                <span class="cents">99</span>
                <span class="eur">€</span>
                            </div>
            
    <span class="vline"></span>
</div>                    		
        
        
        <div class="tags tags_primary bottom_icons">
                                                            
                                <div data-alt="Atlaide ar PALDIES karti" class="tag tag-soap-2 " style="background-image: url('/uploads/sale/atlaide-ar-paldies-karti-7358.png');                     ">
                </div>
                            
                    </div>
        <div class="tags tags_primary info_icon">
            

        </div>

        <div class="info-notice">
            


                                                </div>

        <div class="img">
          <img alt="Panna FISKARS un lāpstiņa, 1 kompl., Ø28 cm" src="/uploads/sale/2026/sales_page/02/09//panna-fiskars-un-lapstina-00362-0209103038.png?1770625838">
        </div>
        <div class="text paldies-card      ">
            <div class="title">Panna FISKARS un lāpstiņa, 1 kompl., Ø28 cm</div>
            <div class="pack">
                <span class="ptitle"></span>
                <span class="price"> </span>
            </div>
                    </div>
        <div class="infopop">
            <div class="in"><span></span>
                <div class="arrow_top"></div>
                <div class="arrow_bottom"></div>
            </div>
        </div>
    </div>
</div><div class="col-third offer-item">
    <div class="item bl_shadow product-243184   offer-2-l-pd-sku         " data-product-id="243184" data-timeout="5" data-dates-interval="12.02. - 16.02.2026." tabindex="0" role="button">
                                                    <div class="discount percents">
            <div class="percents_wrapper">
        <span class="sign">-</span><span class="value">20</span><span class="per">%</span>
    </div>
    <span class="vline"></span>
</div>                    		
        
        
        <div class="tags tags_primary bottom_icons">
            
                    </div>
        <div class="tags tags_primary info_icon">
            
    <div data-alt="Cena pie preces norādīta bez atlaides.&lt;br&gt;Prece pieejama 12.02. - 16.02." class="tag i"></div>

        </div>

        <div class="info-notice">
            


                    </div>

        <div class="img">
          <img alt="Biezpienam" src="/uploads/sale//biezpienam-00363-0212083017.png?1770877817">
        </div>
        <div class="text   discount-type    ">
            <div class="title">Biezpienam</div>
            <div class="pack">
                <span class="ptitle"></span>
                <span class="price"> </span>
            </div>
                    </div>
        <div class="infopop">
            <div class="in"><span></span>
                <div class="arrow_top"></div>
                <div class="arrow_bottom"></div>
            </div>
        </div>
    </div>
</div><div class="col-third offer-item">
    <div class="item bl_shadow product-243185   offer-2-l-pd-sku         " data-product-id="243185" data-timeout="5" data-dates-interval="12.02. - 16.02.2026." tabindex="0" role="button">
                                                    <div class="discount percents">
            <div class="percents_wrapper">
        <span class="sign">-</span><span class="value">30</span><span class="per">%</span>
    </div>
    <span class="vline"></span>
</div>                    		
        
        
        <div class="tags tags_primary bottom_icons">
            
                    </div>
        <div class="tags tags_primary info_icon">
            
    <div data-alt="Cena pie preces norādīta ar atlaidi.&lt;br&gt;Prece pieejama 12.02. - 16.02." class="tag i"></div>

        </div>

        <div class="info-notice">
            


                    </div>

        <div class="img">
          <img alt="Spānijas un Itālijas pārstrādātās gaļas produktiem" src="/uploads/sale//spanijas-un-italijas-parstradatas-galas-produktiem-00364-0212083017.png?1770877817">
        </div>
        <div class="text   discount-type    ">
            <div class="title">Spānijas un Itālijas pārstrādātās gaļas produktiem</div>
            <div class="pack">
                <span class="ptitle"></span>
                <span class="price"> </span>
            </div>
                    </div>
        <div class="infopop">
            <div class="in"><span></span>
                <div class="arrow_top"></div>
                <div class="arrow_bottom"></div>
            </div>
        </div>
    </div>
</div><div class="col-third offer-item">
    <div class="item bl_shadow product-243186   offer-2-l-pd-sku         " data-product-id="243186" data-timeout="5" data-dates-interval="12.02. - 16.02.2026." tabindex="0" role="button">
                                                    <div class="discount percents">
            <div class="percents_wrapper">
        <span class="sign">-</span><span class="value">20</span><span class="per">%</span>
    </div>
    <span class="vline"></span>
</div>                    		
        
        
        <div class="tags tags_primary bottom_icons">
            
                    </div>
        <div class="tags tags_primary info_icon">
            
    <div data-alt="Cena pie preces norādīta ar atlaidi.&lt;br&gt;Prece pieejama 12.02. - 16.02." class="tag i"></div>

        </div>

        <div class="info-notice">
            


                    </div>

        <div class="img">
          <img alt="Atdzesētajām un saldētajām jūras veltēm, (izņemot svaigām un saldētām zivīm, zivju produktiem)" src="/uploads/sale//atdzesetajam-un-saldetajam-juras-veltem-00365-0212083017.png?1770877817">
        </div>
        <div class="text   discount-type    ">
            <div class="title">Atdzesētajām un saldētajām jūras veltēm, (izņemot svaigām un saldētām zivīm, zivju produktiem)</div>
            <div class="pack">
                <span class="ptitle"></span>
                <span class="price"> </span>
            </div>
                    </div>
        <div class="infopop">
            <div class="in"><span></span>
                <div class="arrow_top"></div>
                <div class="arrow_bottom"></div>
            </div>
        </div>
    </div>
</div><div class="col-third offer-item">
    <div class="item bl_shadow product-242525 paldies-card  offer-2-l-sp-sku units-price        " data-product-id="242525" data-timeout="84" data-dates-interval="28.01. - 06.05.2026." tabindex="0" role="button">
                                                    <div class="discount price with-unit-price ">
                                                                            <div class="paldies-card-icon with-unit-price">
                        <img src="/images/front/icons/paldies2-icon.png" alt="Paldies">
                    </div>
                                                                
                    <div class="t1 with-unit-price paldies-card">
            <span class="value">2</span>
            <span class="cents">29</span>
            <span class="eur">€</span>
            <span class="unit-price">25.44 €/kg</span>
        </div>
                    <div class="t2">
                <span class="value">3,19</span>
                <span class="eur">€</span>
            </div>
            <div class="t3 with-unit-price">
                <span class="value">3</span>
                <span class="cents">19</span>
                <span class="eur">€</span>
                <span class="unit-price">35.44 €/kg</span>            </div>
            
    <span class="vline"></span>
</div>                    		
        
        
        <div class="tags tags_primary bottom_icons">
                                                            
                                <div data-alt="Atlaide ar PALDIES karti" class="tag tag-soap-2 " style="background-image: url('/uploads/sale/atlaide-ar-paldies-karti-7358.png');                     ">
                </div>
                                                                            
                                <div data-alt="Trendi" class="tag tag-soap-62 " style="background-image: url('/uploads/sale/trendi-7759.png');                     ">
                </div>
                            
                    </div>
        <div class="tags tags_primary info_icon">
            
    <div data-alt="Preču piedāvājums atšķirīgs Maxima veikalos, ar aktuālo akcijas preču piedāvājumu aicinām iepazīties uz vietas veikalā!" class="tag i"></div>

        </div>

        <div class="info-notice">
            


                                                                            </div>

        <div class="img">
          <img alt="Vītināta desa Salami Emilia FERRARINI 90g" src="/uploads/sale/2026/sales_page/01/29//vitinata-desa-salami-emilia-ferrarini-90g-00206-0129083536.png?1769668536">
        </div>
        <div class="text paldies-card      ">
            <div class="title">Vītināta desa Salami Emilia FERRARINI 90g</div>
            <div class="pack">
                <span class="ptitle"></span>
                <span class="price"> 35.44 €/kg</span>
            </div>
                    </div>
        <div class="infopop">
            <div class="in"><span></span>
                <div class="arrow_top"></div>
                <div class="arrow_bottom"></div>
            </div>
        </div>
    </div>
</div><div class="col-third offer-item">
    <div class="item bl_shadow product-242428 paldies-card  offer-2-l-sp-sku units-price        " data-product-id="242428" data-timeout="84" data-dates-interval="28.01. - 06.05.2026." tabindex="0" role="button">
                                                    <div class="discount price with-unit-price ">
                                                                            <div class="paldies-card-icon with-unit-price">
                        <img src="/images/front/icons/paldies2-icon.png" alt="Paldies">
                    </div>
                                                                
                    <div class="t1 with-unit-price paldies-card">
            <span class="value">2</span>
            <span class="cents">39</span>
            <span class="eur">€</span>
            <span class="unit-price">23.90 €/kg</span>
        </div>
                    <div class="t2">
                <span class="value">3,49</span>
                <span class="eur">€</span>
            </div>
            <div class="t3 with-unit-price">
                <span class="value">3</span>
                <span class="cents">49</span>
                <span class="eur">€</span>
                <span class="unit-price">34.90 €/kg</span>            </div>
            
    <span class="vline"></span>
</div>                    		
        
        
        <div class="tags tags_primary bottom_icons">
                                                            
                                <div data-alt="Atlaide ar PALDIES karti" class="tag tag-soap-2 " style="background-image: url('/uploads/sale/atlaide-ar-paldies-karti-7358.png');                     ">
                </div>
                                                                            
                                <div data-alt="Trendi" class="tag tag-soap-62 " style="background-image: url('/uploads/sale/trendi-7759.png');                     ">
                </div>
                            
                    </div>
        <div class="tags tags_primary info_icon">
            
    <div data-alt="Preču piedāvājums atšķirīgs Maxima veikalos, ar aktuālo akcijas preču piedāvājumu aicinām iepazīties uz vietas veikalā!" class="tag i"></div>

        </div>

        <div class="info-notice">
            


                                                                            </div>

        <div class="img">
          <img alt="Desa Mortadella ar trifelēm FERRARINI 100g" src="/uploads/sale/2026/sales_page/01/29//desa-mortadella-ar-trifelem-ferrarini-100g-00207-0129083520.png?1769668520">
        </div>
        <div class="text paldies-card      ">
            <div class="title">Desa Mortadella ar trifelēm FERRARINI 100g</div>
            <div class="pack">
                <span class="ptitle"></span>
                <span class="price"> 34.90 €/kg</span>
            </div>
                    </div>
        <div class="infopop">
            <div class="in"><span></span>
                <div class="arrow_top"></div>
                <div class="arrow_bottom"></div>
            </div>
        </div>
    </div>
</div><div class="col-third offer-item">
    <div class="item bl_shadow product-242429 paldies-card  offer-2-l-sp-sku units-price        " data-product-id="242429" data-timeout="84" data-dates-interval="28.01. - 06.05.2026." tabindex="0" role="button">
                                                    <div class="discount price with-unit-price ">
                                                                            <div class="paldies-card-icon with-unit-price">
                        <img src="/images/front/icons/paldies2-icon.png" alt="Paldies">
                    </div>
                                                                                                                                
                    <div class="t1 with-unit-price paldies-card">
            <span class="value">1</span>
            <span class="cents">69</span>
            <span class="eur">€</span>
            <span class="unit-price">13.00 €/kg</span>
        </div>
                    <div class="t2">
                <span class="value">2,99</span>
                <span class="eur">€</span>
            </div>
            <div class="t3 with-unit-price">
                <span class="value">2</span>
                <span class="cents">99</span>
                <span class="eur">€</span>
                <span class="unit-price">23.00 €/kg</span>            </div>
            
    <span class="vline"></span>
</div>                    		
        
        
        <div class="tags tags_primary bottom_icons">
                                                            
                                <div data-alt="Atlaide ar PALDIES karti" class="tag tag-soap-2 " style="background-image: url('/uploads/sale/atlaide-ar-paldies-karti-7358.png');                     ">
                </div>
                                                                            
                                <div data-alt="Prece pieejama MAXIMA XX veikalos" class="tag tag-soap-3 tag-shops" style="background-image: url('/uploads/sale/piedavajums-speka-maxima-xx-veikalos-6057.png');                     ">
                </div>
                                                                            
                                <div data-alt="Prece pieejama MAXIMA XXX veikalos" class="tag tag-soap-4 tag-shops" style="background-image: url('/uploads/sale/piedavajums-speka-maxima-xxx-veikalos-3117.png');                     ">
                </div>
                                                                            
                                <div data-alt="Trendi" class="tag tag-soap-62 " style="background-image: url('/uploads/sale/trendi-7759.png');                     ">
                </div>
                            
                    </div>
        <div class="tags tags_primary info_icon">
            
    <div data-alt="Preču piedāvājums atšķirīgs Maxima veikalos, ar aktuālo akcijas preču piedāvājumu aicinām iepazīties uz vietas veikalā!" class="tag i"></div>

        </div>

        <div class="info-notice">
            


                                                                                                                                    </div>

        <div class="img">
          <img alt="Ātri pagatavojamās nūdeles Carbonara SAM YANG 130g" src="/uploads/sale/2026/sales_page/01/29//atri-pagatavojamas-nudeles-carbonara-sam-yang-130g-00208-0129083520.png?1769668520">
        </div>
        <div class="text paldies-card      ">
            <div class="title">Ātri pagatavojamās nūdeles Carbonara SAM YANG 130g</div>
            <div class="pack">
                <span class="ptitle"></span>
                <span class="price"> 23.00 €/kg</span>
            </div>
                    </div>
        <div class="infopop">
            <div class="in"><span></span>
                <div class="arrow_top"></div>
                <div class="arrow_bottom"></div>
            </div>
        </div>
    </div>
</div><div class="col-third offer-item">
    <div class="item bl_shadow product-242430 paldies-card  offer-2-l-sp-sku units-price        " data-product-id="242430" data-timeout="84" data-dates-interval="28.01. - 06.05.2026." tabindex="0" role="button">
                                                    <div class="discount price with-unit-price ">
                                                                            <div class="paldies-card-icon with-unit-price">
                        <img src="/images/front/icons/paldies2-icon.png" alt="Paldies">
                    </div>
                                                                
                    <div class="t1 with-unit-price paldies-card">
            <span class="value">1</span>
            <span class="cents">29</span>
            <span class="eur">€</span>
            <span class="unit-price">58.64 €/kg</span>
        </div>
                    <div class="t2">
                <span class="value">1,99</span>
                <span class="eur">€</span>
            </div>
            <div class="t3 with-unit-price">
                <span class="value">1</span>
                <span class="cents">99</span>
                <span class="eur">€</span>
                <span class="unit-price">90.45 €/kg</span>            </div>
            
    <span class="vline"></span>
</div>                    		
        
        
        <div class="tags tags_primary bottom_icons">
                                                            
                                <div data-alt="Atlaide ar PALDIES karti" class="tag tag-soap-2 " style="background-image: url('/uploads/sale/atlaide-ar-paldies-karti-7358.png');                     ">
                </div>
                                                                            
                                <div data-alt="Trendi" class="tag tag-soap-62 " style="background-image: url('/uploads/sale/trendi-7759.png');                     ">
                </div>
                            
                    </div>
        <div class="tags tags_primary info_icon">
            
    <div data-alt="Preču piedāvājums atšķirīgs Maxima veikalos, ar aktuālo akcijas preču piedāvājumu aicinām iepazīties uz vietas veikalā!" class="tag i"></div>

        </div>

        <div class="info-notice">
            


                                                                            </div>

        <div class="img">
          <img alt="Karamele Mix CRYSTAL WANDS 22g" src="/uploads/sale/2026/sales_page/01/29//karamele-mix-crystal-wands-22g-00209-0129083520.png?1769668520">
        </div>
        <div class="text paldies-card      ">
            <div class="title">Karamele Mix CRYSTAL WANDS 22g</div>
            <div class="pack">
                <span class="ptitle"></span>
                <span class="price"> 90.45 €/kg</span>
            </div>
                    </div>
        <div class="infopop">
            <div class="in"><span></span>
                <div class="arrow_top"></div>
                <div class="arrow_bottom"></div>
            </div>
        </div>
    </div>
</div><div class="col-third offer-item">
    <div class="item bl_shadow product-242431 paldies-card  offer-2-l-sp-sku units-price        " data-product-id="242431" data-timeout="84" data-dates-interval="28.01. - 06.05.2026." tabindex="0" role="button">
                                                    <div class="discount price with-unit-price ">
                                                                            <div class="paldies-card-icon with-unit-price">
                        <img src="/images/front/icons/paldies2-icon.png" alt="Paldies">
                    </div>
                                                                                                                                
                    <div class="t1 with-unit-price paldies-card">
            <span class="value">1</span>
            <span class="cents">69</span>
            <span class="eur">€</span>
            <span class="unit-price">12.07 €/kg</span>
        </div>
                    <div class="t2">
                <span class="value">2,99</span>
                <span class="eur">€</span>
            </div>
            <div class="t3 with-unit-price">
                <span class="value">2</span>
                <span class="cents">99</span>
                <span class="eur">€</span>
                <span class="unit-price">21.36 €/kg</span>            </div>
            
    <span class="vline"></span>
</div>                    		
        
        
        <div class="tags tags_primary bottom_icons">
                                                            
                                <div data-alt="Atlaide ar PALDIES karti" class="tag tag-soap-2 " style="background-image: url('/uploads/sale/atlaide-ar-paldies-karti-7358.png');                     ">
                </div>
                                                                            
                                <div data-alt="Prece pieejama MAXIMA XX veikalos" class="tag tag-soap-3 tag-shops" style="background-image: url('/uploads/sale/piedavajums-speka-maxima-xx-veikalos-6057.png');                     ">
                </div>
                                                                            
                                <div data-alt="Prece pieejama MAXIMA XXX veikalos" class="tag tag-soap-4 tag-shops" style="background-image: url('/uploads/sale/piedavajums-speka-maxima-xxx-veikalos-3117.png');                     ">
                </div>
                                                                            
                                <div data-alt="Trendi" class="tag tag-soap-62 " style="background-image: url('/uploads/sale/trendi-7759.png');                     ">
                </div>
                            
                    </div>
        <div class="tags tags_primary info_icon">
            
    <div data-alt="Preču piedāvājums atšķirīgs Maxima veikalos, ar aktuālo akcijas preču piedāvājumu aicinām iepazīties uz vietas veikalā!" class="tag i"></div>

        </div>

        <div class="info-notice">
            


                                                                                                                                    </div>

        <div class="img">
          <img alt="Ātri pagatavojamās nūdeles vistas un siera Ramen SAMYANG 140g" src="/uploads/sale/2026/sales_page/01/29//atri-pagatavojamas-nudeles-vistas-un-siera-ramen-samyang-140g-00210-0129083520.png?1769668520">
        </div>
        <div class="text paldies-card      ">
            <div class="title">Ātri pagatavojamās nūdeles vistas un siera Ramen SAMYANG 140g</div>
            <div class="pack">
                <span class="ptitle"></span>
                <span class="price"> 21.36 €/kg</span>
            </div>
                    </div>
        <div class="infopop">
            <div class="in"><span></span>
                <div class="arrow_top"></div>
                <div class="arrow_bottom"></div>
            </div>
        </div>
    </div>
</div><div class="col-third offer-item">
    <div class="item bl_shadow product-242432 paldies-card  offer-2-l-sp-sku units-price        " data-product-id="242432" data-timeout="84" data-dates-interval="28.01. - 06.05.2026." tabindex="0" role="button">
                                                    <div class="discount price with-unit-price ">
                                                                            <div class="paldies-card-icon with-unit-price">
                        <img src="/images/front/icons/paldies2-icon.png" alt="Paldies">
                    </div>
                                                                
                    <div class="t1 with-unit-price paldies-card">
            <span class="value">3</span>
            <span class="cents">49</span>
            <span class="eur">€</span>
            <span class="unit-price">25.85 €/kg</span>
        </div>
                    <div class="t2">
                <span class="value">4,99</span>
                <span class="eur">€</span>
            </div>
            <div class="t3 with-unit-price">
                <span class="value">4</span>
                <span class="cents">99</span>
                <span class="eur">€</span>
                <span class="unit-price">36.96 €/kg</span>            </div>
            
    <span class="vline"></span>
</div>                    		
        
        
        <div class="tags tags_primary bottom_icons">
                                                            
                                <div data-alt="Atlaide ar PALDIES karti" class="tag tag-soap-2 " style="background-image: url('/uploads/sale/atlaide-ar-paldies-karti-7358.png');                     ">
                </div>
                                                                            
                                <div data-alt="Trendi" class="tag tag-soap-62 " style="background-image: url('/uploads/sale/trendi-7759.png');                     ">
                </div>
                            
                    </div>
        <div class="tags tags_primary info_icon">
            
    <div data-alt="Preču piedāvājums atšķirīgs Maxima veikalos, ar aktuālo akcijas preču piedāvājumu aicinām iepazīties uz vietas veikalā!" class="tag i"></div>

        </div>

        <div class="info-notice">
            


                                                                            </div>

        <div class="img">
          <img alt="Siers Mon P'tit ar trifēlēm 135g" src="/uploads/sale/2026/sales_page/01/29//siers-mon-p-tit-ar-trifelem-135g-00211-0129083520.png?1769668520">
        </div>
        <div class="text paldies-card      ">
            <div class="title">Siers Mon P'tit ar trifēlēm 135g</div>
            <div class="pack">
                <span class="ptitle"></span>
                <span class="price"> 36.96 €/kg</span>
            </div>
                    </div>
        <div class="infopop">
            <div class="in"><span></span>
                <div class="arrow_top"></div>
                <div class="arrow_bottom"></div>
            </div>
        </div>
    </div>
</div><div class="col-third offer-item">
    <div class="item bl_shadow product-242433 paldies-card  offer-2-l-sp-sku units-price        " data-product-id="242433" data-timeout="84" data-dates-interval="28.01. - 06.05.2026." tabindex="0" role="button">
                                                    <div class="discount price with-unit-price ">
                                                                            <div class="paldies-card-icon with-unit-price">
                        <img src="/images/front/icons/paldies2-icon.png" alt="Paldies">
                    </div>
                                                                                                                                
                    <div class="t1 with-unit-price paldies-card">
            <span class="value">2</span>
            <span class="cents">39</span>
            <span class="eur">€</span>
            <span class="unit-price">43.45 €/kg</span>
        </div>
                    <div class="t2">
                <span class="value">3,29</span>
                <span class="eur">€</span>
            </div>
            <div class="t3 with-unit-price">
                <span class="value">3</span>
                <span class="cents">29</span>
                <span class="eur">€</span>
                <span class="unit-price">59.82 €/kg</span>            </div>
            
    <span class="vline"></span>
</div>                    		
        
        
        <div class="tags tags_primary bottom_icons">
                                                            
                                <div data-alt="Atlaide ar PALDIES karti" class="tag tag-soap-2 " style="background-image: url('/uploads/sale/atlaide-ar-paldies-karti-7358.png');                     ">
                </div>
                                                                            
                                <div data-alt="Prece pieejama MAXIMA XX veikalos" class="tag tag-soap-3 tag-shops" style="background-image: url('/uploads/sale/piedavajums-speka-maxima-xx-veikalos-6057.png');                     ">
                </div>
                                                                            
                                <div data-alt="Prece pieejama MAXIMA XXX veikalos" class="tag tag-soap-4 tag-shops" style="background-image: url('/uploads/sale/piedavajums-speka-maxima-xxx-veikalos-3117.png');                     ">
                </div>
                                                                            
                                <div data-alt="Trendi" class="tag tag-soap-62 " style="background-image: url('/uploads/sale/trendi-7759.png');                     ">
                </div>
                            
                    </div>
        <div class="tags tags_primary info_icon">
            
    <div data-alt="Preču piedāvājums atšķirīgs Maxima veikalos, ar aktuālo akcijas preču piedāvājumu aicinām iepazīties uz vietas veikalā!" class="tag i"></div>

        </div>

        <div class="info-notice">
            


                                                                                                                                    </div>

        <div class="img">
          <img alt="Proteīna batoniņš Chokladboll BAREBELLS 55g" src="/uploads/sale/2026/sales_page/01/29//proteina-batonins-chokladboll-barebells-55g-00212-0129083520.png?1769668520">
        </div>
        <div class="text paldies-card      ">
            <div class="title">Proteīna batoniņš Chokladboll BAREBELLS 55g</div>
            <div class="pack">
                <span class="ptitle"></span>
                <span class="price"> 59.82 €/kg</span>
            </div>
                    </div>
        <div class="infopop">
            <div class="in"><span></span>
                <div class="arrow_top"></div>
                <div class="arrow_bottom"></div>
            </div>
        </div>
    </div>
</div><div class="col-third offer-item">
    <div class="item bl_shadow product-242434 paldies-card  offer-2-l-sp-sku units-price        " data-product-id="242434" data-timeout="84" data-dates-interval="28.01. - 06.05.2026." tabindex="0" role="button">
                                                    <div class="discount price with-unit-price ">
                                                                            <div class="paldies-card-icon with-unit-price">
                        <img src="/images/front/icons/paldies2-icon.png" alt="Paldies">
                    </div>
                                                                                                                                
                    <div class="t1 with-unit-price paldies-card">
            <span class="value">2</span>
            <span class="cents">39</span>
            <span class="eur">€</span>
            <span class="unit-price">43.45 €/kg</span>
        </div>
                    <div class="t2">
                <span class="value">3,29</span>
                <span class="eur">€</span>
            </div>
            <div class="t3 with-unit-price">
                <span class="value">3</span>
                <span class="cents">29</span>
                <span class="eur">€</span>
                <span class="unit-price">59.82 €/kg</span>            </div>
            
    <span class="vline"></span>
</div>                    		
        
        
        <div class="tags tags_primary bottom_icons">
                                                            
                                <div data-alt="Atlaide ar PALDIES karti" class="tag tag-soap-2 " style="background-image: url('/uploads/sale/atlaide-ar-paldies-karti-7358.png');                     ">
                </div>
                                                                            
                                <div data-alt="Prece pieejama MAXIMA XX veikalos" class="tag tag-soap-3 tag-shops" style="background-image: url('/uploads/sale/piedavajums-speka-maxima-xx-veikalos-6057.png');                     ">
                </div>
                                                                            
                                <div data-alt="Prece pieejama MAXIMA XXX veikalos" class="tag tag-soap-4 tag-shops" style="background-image: url('/uploads/sale/piedavajums-speka-maxima-xxx-veikalos-3117.png');                     ">
                </div>
                                                                            
                                <div data-alt="Trendi" class="tag tag-soap-62 " style="background-image: url('/uploads/sale/trendi-7759.png');                     ">
                </div>
                            
                    </div>
        <div class="tags tags_primary info_icon">
            
    <div data-alt="Preču piedāvājums atšķirīgs Maxima veikalos, ar aktuālo akcijas preču piedāvājumu aicinām iepazīties uz vietas veikalā!" class="tag i"></div>

        </div>

        <div class="info-notice">
            


                                                                                                                                    </div>

        <div class="img">
          <img alt="Proteīna batoniņš Lemon Cheesecake BAREBELLS 55g" src="/uploads/sale/2026/sales_page/01/29//proteina-batonins-lemon-cheesecake-barebells-55g-00213-0129083520.png?1769668520">
        </div>
        <div class="text paldies-card      ">
            <div class="title">Proteīna batoniņš Lemon Cheesecake BAREBELLS 55g</div>
            <div class="pack">
                <span class="ptitle"></span>
                <span class="price"> 59.82 €/kg</span>
            </div>
                    </div>
        <div class="infopop">
            <div class="in"><span></span>
                <div class="arrow_top"></div>
                <div class="arrow_bottom"></div>
            </div>
        </div>
    </div>
</div><div class="col-third offer-item">
    <div class="item bl_shadow product-242435 paldies-card  offer-2-l-sp-sku units-price        " data-product-id="242435" data-timeout="84" data-dates-interval="28.01. - 06.05.2026." tabindex="0" role="button">
                                                    <div class="discount price with-unit-price ">
                                                                            <div class="paldies-card-icon with-unit-price">
                        <img src="/images/front/icons/paldies2-icon.png" alt="Paldies">
                    </div>
                                                                
                    <div class="t1 with-unit-price paldies-card">
            <span class="value">1</span>
            <span class="cents">29</span>
            <span class="eur">€</span>
            <span class="unit-price">19.85 €/kg</span>
        </div>
                    <div class="t2">
                <span class="value">1,99</span>
                <span class="eur">€</span>
            </div>
            <div class="t3 with-unit-price">
                <span class="value">1</span>
                <span class="cents">99</span>
                <span class="eur">€</span>
                <span class="unit-price">30.62 €/kg</span>            </div>
            
    <span class="vline"></span>
</div>                    		
        
        
        <div class="tags tags_primary bottom_icons">
                                                            
                                <div data-alt="Atlaide ar PALDIES karti" class="tag tag-soap-2 " style="background-image: url('/uploads/sale/atlaide-ar-paldies-karti-7358.png');                     ">
                </div>
                                                                            
                                <div data-alt="Trendi" class="tag tag-soap-62 " style="background-image: url('/uploads/sale/trendi-7759.png');                     ">
                </div>
                            
                    </div>
        <div class="tags tags_primary info_icon">
            
    <div data-alt="Preču piedāvājums atšķirīgs Maxima veikalos, ar aktuālo akcijas preču piedāvājumu aicinām iepazīties uz vietas veikalā!" class="tag i"></div>

        </div>

        <div class="info-notice">
            


                                                                            </div>

        <div class="img">
          <img alt="Želejas konfektes ar zemeņu garšu AMOS 65g" src="/uploads/sale/2026/sales_page/01/29//zelejas-konfektes-ar-zemenu-garsu-amos-65g-00214-0129083520.png?1769668520">
        </div>
        <div class="text paldies-card      ">
            <div class="title">Želejas konfektes ar zemeņu garšu AMOS 65g</div>
            <div class="pack">
                <span class="ptitle"></span>
                <span class="price"> 30.62 €/kg</span>
            </div>
                    </div>
        <div class="infopop">
            <div class="in"><span></span>
                <div class="arrow_top"></div>
                <div class="arrow_bottom"></div>
            </div>
        </div>
    </div>
</div><div class="col-third offer-item">
    <div class="item bl_shadow product-242436 paldies-card  offer-2-l-sp-sku units-price        " data-product-id="242436" data-timeout="84" data-dates-interval="28.01. - 06.05.2026." tabindex="0" role="button">
                                                    <div class="discount price with-unit-price ">
                                                                            <div class="paldies-card-icon with-unit-price">
                        <img src="/images/front/icons/paldies2-icon.png" alt="Paldies">
                    </div>
                                                                
                    <div class="t1 with-unit-price paldies-card">
            <span class="value">1</span>
            <span class="cents">29</span>
            <span class="eur">€</span>
            <span class="unit-price">17.92 €/kg</span>
        </div>
                    <div class="t2">
                <span class="value">1,99</span>
                <span class="eur">€</span>
            </div>
            <div class="t3 with-unit-price">
                <span class="value">1</span>
                <span class="cents">99</span>
                <span class="eur">€</span>
                <span class="unit-price">27.64 €/kg</span>            </div>
            
    <span class="vline"></span>
</div>                    		
        
        
        <div class="tags tags_primary bottom_icons">
                                                            
                                <div data-alt="Atlaide ar PALDIES karti" class="tag tag-soap-2 " style="background-image: url('/uploads/sale/atlaide-ar-paldies-karti-7358.png');                     ">
                </div>
                                                                            
                                <div data-alt="Trendi" class="tag tag-soap-62 " style="background-image: url('/uploads/sale/trendi-7759.png');                     ">
                </div>
                            
                    </div>
        <div class="tags tags_primary info_icon">
            
    <div data-alt="Preču piedāvājums atšķirīgs Maxima veikalos, ar aktuālo akcijas preču piedāvājumu aicinām iepazīties uz vietas veikalā!" class="tag i"></div>

        </div>

        <div class="info-notice">
            


                                                                            </div>

        <div class="img">
          <img alt="Želejas konfektes Blocks AMOS 72g" src="/uploads/sale/2026/sales_page/01/29//zelejas-konfektes-blocks-amos-72g-00215-0129083520.png?1769668520">
        </div>
        <div class="text paldies-card      ">
            <div class="title">Želejas konfektes Blocks AMOS 72g</div>
            <div class="pack">
                <span class="ptitle"></span>
                <span class="price"> 27.64 €/kg</span>
            </div>
                    </div>
        <div class="infopop">
            <div class="in"><span></span>
                <div class="arrow_top"></div>
                <div class="arrow_bottom"></div>
            </div>
        </div>
    </div>
</div><div class="col-third offer-item">
    <div class="item bl_shadow product-242437 paldies-card  offer-2-l-sp-sku units-price        " data-product-id="242437" data-timeout="84" data-dates-interval="28.01. - 06.05.2026." tabindex="0" role="button">
                                                    <div class="discount price with-unit-price ">
                                                                            <div class="paldies-card-icon with-unit-price">
                        <img src="/images/front/icons/paldies2-icon.png" alt="Paldies">
                    </div>
                                                                                                                                
                    <div class="t1 with-unit-price paldies-card">
            <span class="value">2</span>
            <span class="cents">39</span>
            <span class="eur">€</span>
            <span class="unit-price">43.45 €/kg</span>
        </div>
                    <div class="t2">
                <span class="value">3,29</span>
                <span class="eur">€</span>
            </div>
            <div class="t3 with-unit-price">
                <span class="value">3</span>
                <span class="cents">29</span>
                <span class="eur">€</span>
                <span class="unit-price">59.82 €/kg</span>            </div>
            
    <span class="vline"></span>
</div>                    		
        
        
        <div class="tags tags_primary bottom_icons">
                                                            
                                <div data-alt="Atlaide ar PALDIES karti" class="tag tag-soap-2 " style="background-image: url('/uploads/sale/atlaide-ar-paldies-karti-7358.png');                     ">
                </div>
                                                                            
                                <div data-alt="Prece pieejama MAXIMA XX veikalos" class="tag tag-soap-3 tag-shops" style="background-image: url('/uploads/sale/piedavajums-speka-maxima-xx-veikalos-6057.png');                     ">
                </div>
                                                                            
                                <div data-alt="Prece pieejama MAXIMA XXX veikalos" class="tag tag-soap-4 tag-shops" style="background-image: url('/uploads/sale/piedavajums-speka-maxima-xxx-veikalos-3117.png');                     ">
                </div>
                                                                            
                                <div data-alt="Trendi" class="tag tag-soap-62 " style="background-image: url('/uploads/sale/trendi-7759.png');                     ">
                </div>
                            
                    </div>
        <div class="tags tags_primary info_icon">
            
    <div data-alt="Preču piedāvājums atšķirīgs Maxima veikalos, ar aktuālo akcijas preču piedāvājumu aicinām iepazīties uz vietas veikalā!" class="tag i"></div>

        </div>

        <div class="info-notice">
            


                                                                                                                                    </div>

        <div class="img">
          <img alt="Proteīna batoniņš Coco Choco BAREBELLS 55g" src="/uploads/sale/2026/sales_page/01/29//proteina-batonins-coco-choco-barebells-55g-00216-0129083520.png?1769668520">
        </div>
        <div class="text paldies-card      ">
            <div class="title">Proteīna batoniņš Coco Choco BAREBELLS 55g</div>
            <div class="pack">
                <span class="ptitle"></span>
                <span class="price"> 59.82 €/kg</span>
            </div>
                    </div>
        <div class="infopop">
            <div class="in"><span></span>
                <div class="arrow_top"></div>
                <div class="arrow_bottom"></div>
            </div>
        </div>
    </div>
</div><div class="col-third offer-item">
    <div class="item bl_shadow product-242448 paldies-card  offer-2-l-sp-sku units-price        " data-product-id="242448" data-timeout="84" data-dates-interval="28.01. - 06.05.2026." tabindex="0" role="button">
                                                    <div class="discount price with-unit-price ">
                                                                            <div class="paldies-card-icon with-unit-price">
                        <img src="/images/front/icons/paldies2-icon.png" alt="Paldies">
                    </div>
                                                                                                                                
                    <div class="t1 with-unit-price paldies-card">
            <span class="value">4</span>
            <span class="cents">99</span>
            <span class="eur">€</span>
            <span class="unit-price">49.90 €/kg</span>
        </div>
                    <div class="t2">
                <span class="value">5,79</span>
                <span class="eur">€</span>
            </div>
            <div class="t3 with-unit-price">
                <span class="value">5</span>
                <span class="cents">79</span>
                <span class="eur">€</span>
                <span class="unit-price">57.90 €/kg</span>            </div>
            
    <span class="vline"></span>
</div>                    		
        
        
        <div class="tags tags_primary bottom_icons">
                                                            
                                <div data-alt="Atlaide ar PALDIES karti" class="tag tag-soap-2 " style="background-image: url('/uploads/sale/atlaide-ar-paldies-karti-7358.png');                     ">
                </div>
                                                                            
                                <div data-alt="Prece pieejama MAXIMA XX veikalos" class="tag tag-soap-3 tag-shops" style="background-image: url('/uploads/sale/piedavajums-speka-maxima-xx-veikalos-6057.png');                     ">
                </div>
                                                                            
                                <div data-alt="Prece pieejama MAXIMA XXX veikalos" class="tag tag-soap-4 tag-shops" style="background-image: url('/uploads/sale/piedavajums-speka-maxima-xxx-veikalos-3117.png');                     ">
                </div>
                                                                            
                                <div data-alt="Trendi" class="tag tag-soap-62 " style="background-image: url('/uploads/sale/trendi-7759.png');                     ">
                </div>
                            
                    </div>
        <div class="tags tags_primary info_icon">
            
    <div data-alt="Preču piedāvājums atšķirīgs Maxima veikalos, ar aktuālo akcijas preču piedāvājumu aicinām iepazīties uz vietas veikalā!" class="tag i"></div>

        </div>

        <div class="info-notice">
            


                                                                                                                                    </div>

        <div class="img">
          <img alt="Plānās sausmaizītes ar ķiplokiem un rozmarīnu CHERCHI 100g" src="/uploads/sale/2026/sales_page/01/29//planas-sausmaizites-ar-kiplokiem-un-rozmarinu-cherchi-100g-00217-0202142618.png?1770035178">
        </div>
        <div class="text paldies-card      ">
            <div class="title">Plānās sausmaizītes ar ķiplokiem un rozmarīnu CHERCHI 100g</div>
            <div class="pack">
                <span class="ptitle"></span>
                <span class="price"> 57.90 €/kg</span>
            </div>
                    </div>
        <div class="infopop">
            <div class="in"><span></span>
                <div class="arrow_top"></div>
                <div class="arrow_bottom"></div>
            </div>
        </div>
    </div>
</div><div class="col-third offer-item">
    <div class="item bl_shadow product-242449 paldies-card  offer-2-l-sp-sku units-price        " data-product-id="242449" data-timeout="84" data-dates-interval="28.01. - 06.05.2026." tabindex="0" role="button">
                                                    <div class="discount price with-unit-price ">
                                                                            <div class="paldies-card-icon with-unit-price">
                        <img src="/images/front/icons/paldies2-icon.png" alt="Paldies">
                    </div>
                                                                                                                                
                    <div class="t1 with-unit-price paldies-card">
            <span class="value">2</span>
            <span class="cents">29</span>
            <span class="eur">€</span>
            <span class="unit-price">22.90 €/kg</span>
        </div>
                    <div class="t2">
                <span class="value">2,99</span>
                <span class="eur">€</span>
            </div>
            <div class="t3 with-unit-price">
                <span class="value">2</span>
                <span class="cents">99</span>
                <span class="eur">€</span>
                <span class="unit-price">29.90 €/kg</span>            </div>
            
    <span class="vline"></span>
</div>                    		
        
        
        <div class="tags tags_primary bottom_icons">
                                                            
                                <div data-alt="Atlaide ar PALDIES karti" class="tag tag-soap-2 " style="background-image: url('/uploads/sale/atlaide-ar-paldies-karti-7358.png');                     ">
                </div>
                                                                            
                                <div data-alt="Prece pieejama MAXIMA XX veikalos" class="tag tag-soap-3 tag-shops" style="background-image: url('/uploads/sale/piedavajums-speka-maxima-xx-veikalos-6057.png');                     ">
                </div>
                                                                            
                                <div data-alt="Prece pieejama MAXIMA XXX veikalos" class="tag tag-soap-4 tag-shops" style="background-image: url('/uploads/sale/piedavajums-speka-maxima-xxx-veikalos-3117.png');                     ">
                </div>
                                                                            
                                <div data-alt="Trendi" class="tag tag-soap-62 " style="background-image: url('/uploads/sale/trendi-7759.png');                     ">
                </div>
                            
                    </div>
        <div class="tags tags_primary info_icon">
            
    <div data-alt="Preču piedāvājums atšķirīgs Maxima veikalos, ar aktuālo akcijas preču piedāvājumu aicinām iepazīties uz vietas veikalā!" class="tag i"></div>

        </div>

        <div class="info-notice">
            


                                                                                                                                    </div>

        <div class="img">
          <img alt="Dateles Sweet Peach TRUE DATES 100g" src="/uploads/sale/2026/sales_page/01/29//dateles-sweet-peach-true-dates-100g-00218-0129083523.png?1769668523">
        </div>
        <div class="text paldies-card      ">
            <div class="title">Dateles Sweet Peach TRUE DATES 100g</div>
            <div class="pack">
                <span class="ptitle"></span>
                <span class="price"> 29.90 €/kg</span>
            </div>
                    </div>
        <div class="infopop">
            <div class="in"><span></span>
                <div class="arrow_top"></div>
                <div class="arrow_bottom"></div>
            </div>
        </div>
    </div>
</div><div class="col-third offer-item">
    <div class="item bl_shadow product-242450 paldies-card  offer-2-l-sp-sku units-price        " data-product-id="242450" data-timeout="84" data-dates-interval="28.01. - 06.05.2026." tabindex="0" role="button">
                                                    <div class="discount price with-unit-price ">
                                                                            <div class="paldies-card-icon with-unit-price">
                        <img src="/images/front/icons/paldies2-icon.png" alt="Paldies">
                    </div>
                                                                                                                                
                    <div class="t1 with-unit-price paldies-card">
            <span class="value">2</span>
            <span class="cents">29</span>
            <span class="eur">€</span>
            <span class="unit-price">22.90 €/kg</span>
        </div>
                    <div class="t2">
                <span class="value">2,99</span>
                <span class="eur">€</span>
            </div>
            <div class="t3 with-unit-price">
                <span class="value">2</span>
                <span class="cents">99</span>
                <span class="eur">€</span>
                <span class="unit-price">29.90 €/kg</span>            </div>
            
    <span class="vline"></span>
</div>                    		
        
        
        <div class="tags tags_primary bottom_icons">
                                                            
                                <div data-alt="Atlaide ar PALDIES karti" class="tag tag-soap-2 " style="background-image: url('/uploads/sale/atlaide-ar-paldies-karti-7358.png');                     ">
                </div>
                                                                            
                                <div data-alt="Prece pieejama MAXIMA XX veikalos" class="tag tag-soap-3 tag-shops" style="background-image: url('/uploads/sale/piedavajums-speka-maxima-xx-veikalos-6057.png');                     ">
                </div>
                                                                            
                                <div data-alt="Prece pieejama MAXIMA XXX veikalos" class="tag tag-soap-4 tag-shops" style="background-image: url('/uploads/sale/piedavajums-speka-maxima-xxx-veikalos-3117.png');                     ">
                </div>
                                                                            
                                <div data-alt="Trendi" class="tag tag-soap-62 " style="background-image: url('/uploads/sale/trendi-7759.png');                     ">
                </div>
                            
                    </div>
        <div class="tags tags_primary info_icon">
            
    <div data-alt="Preču piedāvājums atšķirīgs Maxima veikalos, ar aktuālo akcijas preču piedāvājumu aicinām iepazīties uz vietas veikalā!" class="tag i"></div>

        </div>

        <div class="info-notice">
            


                                                                                                                                    </div>

        <div class="img">
          <img alt="Dateles Cookie Dough TRUE DATES 100g" src="/uploads/sale/2026/sales_page/01/29//dateles-cookie-dough-true-dates-100g-00219-0129083523.png?1769668523">
        </div>
        <div class="text paldies-card      ">
            <div class="title">Dateles Cookie Dough TRUE DATES 100g</div>
            <div class="pack">
                <span class="ptitle"></span>
                <span class="price"> 29.90 €/kg</span>
            </div>
                    </div>
        <div class="infopop">
            <div class="in"><span></span>
                <div class="arrow_top"></div>
                <div class="arrow_bottom"></div>
            </div>
        </div>
    </div>
</div><div class="col-third offer-item">
    <div class="item bl_shadow product-242451 paldies-card  offer-2-l-sp-sku units-price        " data-product-id="242451" data-timeout="84" data-dates-interval="28.01. - 06.05.2026." tabindex="0" role="button">
                                                    <div class="discount price with-unit-price ">
                                                                            <div class="paldies-card-icon with-unit-price">
                        <img src="/images/front/icons/paldies2-icon.png" alt="Paldies">
                    </div>
                                                                                                                                
                    <div class="t1 with-unit-price paldies-card">
            <span class="value">2</span>
            <span class="cents">29</span>
            <span class="eur">€</span>
            <span class="unit-price">22.90 €/kg</span>
        </div>
                    <div class="t2">
                <span class="value">2,99</span>
                <span class="eur">€</span>
            </div>
            <div class="t3 with-unit-price">
                <span class="value">2</span>
                <span class="cents">99</span>
                <span class="eur">€</span>
                <span class="unit-price">29.90 €/kg</span>            </div>
            
    <span class="vline"></span>
</div>                    		
        
        
        <div class="tags tags_primary bottom_icons">
                                                            
                                <div data-alt="Atlaide ar PALDIES karti" class="tag tag-soap-2 " style="background-image: url('/uploads/sale/atlaide-ar-paldies-karti-7358.png');                     ">
                </div>
                                                                            
                                <div data-alt="Prece pieejama MAXIMA XX veikalos" class="tag tag-soap-3 tag-shops" style="background-image: url('/uploads/sale/piedavajums-speka-maxima-xx-veikalos-6057.png');                     ">
                </div>
                                                                            
                                <div data-alt="Prece pieejama MAXIMA XXX veikalos" class="tag tag-soap-4 tag-shops" style="background-image: url('/uploads/sale/piedavajums-speka-maxima-xxx-veikalos-3117.png');                     ">
                </div>
                                                                            
                                <div data-alt="Trendi" class="tag tag-soap-62 " style="background-image: url('/uploads/sale/trendi-7759.png');                     ">
                </div>
                            
                    </div>
        <div class="tags tags_primary info_icon">
            
    <div data-alt="Preču piedāvājums atšķirīgs Maxima veikalos, ar aktuālo akcijas preču piedāvājumu aicinām iepazīties uz vietas veikalā!" class="tag i"></div>

        </div>

        <div class="info-notice">
            


                                                                                                                                    </div>

        <div class="img">
          <img alt="Dateles Sour Apple TRUE DATES 100g" src="/uploads/sale/2026/sales_page/01/29//dateles-sour-apple-true-dates-100g-00220-0129083523.png?1769668523">
        </div>
        <div class="text paldies-card      ">
            <div class="title">Dateles Sour Apple TRUE DATES 100g</div>
            <div class="pack">
                <span class="ptitle"></span>
                <span class="price"> 29.90 €/kg</span>
            </div>
                    </div>
        <div class="infopop">
            <div class="in"><span></span>
                <div class="arrow_top"></div>
                <div class="arrow_bottom"></div>
            </div>
        </div>
    </div>
</div><div class="col-third offer-item">
    <div class="item bl_shadow product-242525 paldies-card  offer-2-l-sp-sku units-price        " data-product-id="242525" data-timeout="84" data-dates-interval="28.01. - 06.05.2026." tabindex="0" role="button">
                                                    <div class="discount price with-unit-price ">
                                                                            <div class="paldies-card-icon with-unit-price">
                        <img src="/images/front/icons/paldies2-icon.png" alt="Paldies">
                    </div>
                                                                
                    <div class="t1 with-unit-price paldies-card">
            <span class="value">2</span>
            <span class="cents">29</span>
            <span class="eur">€</span>
            <span class="unit-price">25.44 €/kg</span>
        </div>
                    <div class="t2">
                <span class="value">3,19</span>
                <span class="eur">€</span>
            </div>
            <div class="t3 with-unit-price">
                <span class="value">3</span>
                <span class="cents">19</span>
                <span class="eur">€</span>
                <span class="unit-price">35.44 €/kg</span>            </div>
            
    <span class="vline"></span>
</div>                    		
        
        
        <div class="tags tags_primary bottom_icons">
                                                            
                                <div data-alt="Atlaide ar PALDIES karti" class="tag tag-soap-2 " style="background-image: url('/uploads/sale/atlaide-ar-paldies-karti-7358.png');                     ">
                </div>
                                                                            
                                <div data-alt="Trendi" class="tag tag-soap-62 " style="background-image: url('/uploads/sale/trendi-7759.png');                     ">
                </div>
                            
                    </div>
        <div class="tags tags_primary info_icon">
            
    <div data-alt="Preču piedāvājums atšķirīgs Maxima veikalos, ar aktuālo akcijas preču piedāvājumu aicinām iepazīties uz vietas veikalā!" class="tag i"></div>

        </div>

        <div class="info-notice">
            


                                                                            </div>

        <div class="img">
          <img alt="Vītināta desa Salami Emilia FERRARINI 90g" src="/uploads/sale/2026/sales_page/01/29//vitinata-desa-salami-emilia-ferrarini-90g-00206-0129083536.png?1769668536">
        </div>
        <div class="text paldies-card      ">
            <div class="title">Vītināta desa Salami Emilia FERRARINI 90g</div>
            <div class="pack">
                <span class="ptitle"></span>
                <span class="price"> 35.44 €/kg</span>
            </div>
                    </div>
        <div class="infopop">
            <div class="in"><span></span>
                <div class="arrow_top"></div>
                <div class="arrow_bottom"></div>
            </div>
        </div>
    </div>
</div><div class="col-third offer-item">
    <div class="item bl_shadow product-242428 paldies-card  offer-2-l-sp-sku units-price        " data-product-id="242428" data-timeout="84" data-dates-interval="28.01. - 06.05.2026." tabindex="0" role="button">
                                                    <div class="discount price with-unit-price ">
                                                                            <div class="paldies-card-icon with-unit-price">
                        <img src="/images/front/icons/paldies2-icon.png" alt="Paldies">
                    </div>
                                                                
                    <div class="t1 with-unit-price paldies-card">
            <span class="value">2</span>
            <span class="cents">39</span>
            <span class="eur">€</span>
            <span class="unit-price">23.90 €/kg</span>
        </div>
                    <div class="t2">
                <span class="value">3,49</span>
                <span class="eur">€</span>
            </div>
            <div class="t3 with-unit-price">
                <span class="value">3</span>
                <span class="cents">49</span>
                <span class="eur">€</span>
                <span class="unit-price">34.90 €/kg</span>            </div>
            
    <span class="vline"></span>
</div>                    		
        
        
        <div class="tags tags_primary bottom_icons">
                                                            
                                <div data-alt="Atlaide ar PALDIES karti" class="tag tag-soap-2 " style="background-image: url('/uploads/sale/atlaide-ar-paldies-karti-7358.png');                     ">
                </div>
                                                                            
                                <div data-alt="Trendi" class="tag tag-soap-62 " style="background-image: url('/uploads/sale/trendi-7759.png');                     ">
                </div>
                            
                    </div>
        <div class="tags tags_primary info_icon">
            
    <div data-alt="Preču piedāvājums atšķirīgs Maxima veikalos, ar aktuālo akcijas preču piedāvājumu aicinām iepazīties uz vietas veikalā!" class="tag i"></div>

        </div>

        <div class="info-notice">
            


                                                                            </div>

        <div class="img">
          <img alt="Desa Mortadella ar trifelēm FERRARINI 100g" src="/uploads/sale/2026/sales_page/01/29//desa-mortadella-ar-trifelem-ferrarini-100g-00207-0129083520.png?1769668520">
        </div>
        <div class="text paldies-card      ">
            <div class="title">Desa Mortadella ar trifelēm FERRARINI 100g</div>
            <div class="pack">
                <span class="ptitle"></span>
                <span class="price"> 34.90 €/kg</span>
            </div>
                    </div>
        <div class="infopop">
            <div class="in"><span></span>
                <div class="arrow_top"></div>
                <div class="arrow_bottom"></div>
            </div>
        </div>
    </div>
</div><div class="col-third offer-item">
    <div class="item bl_shadow product-242429 paldies-card  offer-2-l-sp-sku units-price        " data-product-id="242429" data-timeout="84" data-dates-interval="28.01. - 06.05.2026." tabindex="0" role="button">
                                                    <div class="discount price with-unit-price ">
                                                                            <div class="paldies-card-icon with-unit-price">
                        <img src="/images/front/icons/paldies2-icon.png" alt="Paldies">
                    </div>
                                                                                                                                
                    <div class="t1 with-unit-price paldies-card">
            <span class="value">1</span>
            <span class="cents">69</span>
            <span class="eur">€</span>
            <span class="unit-price">13.00 €/kg</span>
        </div>
                    <div class="t2">
                <span class="value">2,99</span>
                <span class="eur">€</span>
            </div>
            <div class="t3 with-unit-price">
                <span class="value">2</span>
                <span class="cents">99</span>
                <span class="eur">€</span>
                <span class="unit-price">23.00 €/kg</span>            </div>
            
    <span class="vline"></span>
</div>                    		
        
        
        <div class="tags tags_primary bottom_icons">
                                                            
                                <div data-alt="Atlaide ar PALDIES karti" class="tag tag-soap-2 " style="background-image: url('/uploads/sale/atlaide-ar-paldies-karti-7358.png');                     ">
                </div>
                                                                            
                                <div data-alt="Prece pieejama MAXIMA XX veikalos" class="tag tag-soap-3 tag-shops" style="background-image: url('/uploads/sale/piedavajums-speka-maxima-xx-veikalos-6057.png');                     ">
                </div>
                                                                            
                                <div data-alt="Prece pieejama MAXIMA XXX veikalos" class="tag tag-soap-4 tag-shops" style="background-image: url('/uploads/sale/piedavajums-speka-maxima-xxx-veikalos-3117.png');                     ">
                </div>
                                                                            
                                <div data-alt="Trendi" class="tag tag-soap-62 " style="background-image: url('/uploads/sale/trendi-7759.png');                     ">
                </div>
                            
                    </div>
        <div class="tags tags_primary info_icon">
            
    <div data-alt="Preču piedāvājums atšķirīgs Maxima veikalos, ar aktuālo akcijas preču piedāvājumu aicinām iepazīties uz vietas veikalā!" class="tag i"></div>

        </div>

        <div class="info-notice">
            


                                                                                                                                    </div>

        <div class="img">
          <img alt="Ātri pagatavojamās nūdeles Carbonara SAM YANG 130g" src="/uploads/sale/2026/sales_page/01/29//atri-pagatavojamas-nudeles-carbonara-sam-yang-130g-00208-0129083520.png?1769668520">
        </div>
        <div class="text paldies-card      ">
            <div class="title">Ātri pagatavojamās nūdeles Carbonara SAM YANG 130g</div>
            <div class="pack">
                <span class="ptitle"></span>
                <span class="price"> 23.00 €/kg</span>
            </div>
                    </div>
        <div class="infopop">
            <div class="in"><span></span>
                <div class="arrow_top"></div>
                <div class="arrow_bottom"></div>
            </div>
        </div>
    </div>
</div><div class="col-third offer-item">
    <div class="item bl_shadow product-242430 paldies-card  offer-2-l-sp-sku units-price        " data-product-id="242430" data-timeout="84" data-dates-interval="28.01. - 06.05.2026." tabindex="0" role="button">
                                                    <div class="discount price with-unit-price ">
                                                                            <div class="paldies-card-icon with-unit-price">
                        <img src="/images/front/icons/paldies2-icon.png" alt="Paldies">
                    </div>
                                                                
                    <div class="t1 with-unit-price paldies-card">
            <span class="value">1</span>
            <span class="cents">29</span>
            <span class="eur">€</span>
            <span class="unit-price">58.64 €/kg</span>
        </div>
                    <div class="t2">
                <span class="value">1,99</span>
                <span class="eur">€</span>
            </div>
            <div class="t3 with-unit-price">
                <span class="value">1</span>
                <span class="cents">99</span>
                <span class="eur">€</span>
                <span class="unit-price">90.45 €/kg</span>            </div>
            
    <span class="vline"></span>
</div>                    		
        
        
        <div class="tags tags_primary bottom_icons">
                                                            
                                <div data-alt="Atlaide ar PALDIES karti" class="tag tag-soap-2 " style="background-image: url('/uploads/sale/atlaide-ar-paldies-karti-7358.png');                     ">
                </div>
                                                                            
                                <div data-alt="Trendi" class="tag tag-soap-62 " style="background-image: url('/uploads/sale/trendi-7759.png');                     ">
                </div>
                            
                    </div>
        <div class="tags tags_primary info_icon">
            
    <div data-alt="Preču piedāvājums atšķirīgs Maxima veikalos, ar aktuālo akcijas preču piedāvājumu aicinām iepazīties uz vietas veikalā!" class="tag i"></div>

        </div>

        <div class="info-notice">
            


                                                                            </div>

        <div class="img">
          <img alt="Karamele Mix CRYSTAL WANDS 22g" src="/uploads/sale/2026/sales_page/01/29//karamele-mix-crystal-wands-22g-00209-0129083520.png?1769668520">
        </div>
        <div class="text paldies-card      ">
            <div class="title">Karamele Mix CRYSTAL WANDS 22g</div>
            <div class="pack">
                <span class="ptitle"></span>
                <span class="price"> 90.45 €/kg</span>
            </div>
                    </div>
        <div class="infopop">
            <div class="in"><span></span>
                <div class="arrow_top"></div>
                <div class="arrow_bottom"></div>
            </div>
        </div>
    </div>
</div><div class="col-third offer-item">
    <div class="item bl_shadow product-242431 paldies-card  offer-2-l-sp-sku units-price        " data-product-id="242431" data-timeout="84" data-dates-interval="28.01. - 06.05.2026." tabindex="0" role="button">
                                                    <div class="discount price with-unit-price ">
                                                                            <div class="paldies-card-icon with-unit-price">
                        <img src="/images/front/icons/paldies2-icon.png" alt="Paldies">
                    </div>
                                                                                                                                
                    <div class="t1 with-unit-price paldies-card">
            <span class="value">1</span>
            <span class="cents">69</span>
            <span class="eur">€</span>
            <span class="unit-price">12.07 €/kg</span>
        </div>
                    <div class="t2">
                <span class="value">2,99</span>
                <span class="eur">€</span>
            </div>
            <div class="t3 with-unit-price">
                <span class="value">2</span>
                <span class="cents">99</span>
                <span class="eur">€</span>
                <span class="unit-price">21.36 €/kg</span>            </div>
            
    <span class="vline"></span>
</div>                    		
        
        
        <div class="tags tags_primary bottom_icons">
                                                            
                                <div data-alt="Atlaide ar PALDIES karti" class="tag tag-soap-2 " style="background-image: url('/uploads/sale/atlaide-ar-paldies-karti-7358.png');                     ">
                </div>
                                                                            
                                <div data-alt="Prece pieejama MAXIMA XX veikalos" class="tag tag-soap-3 tag-shops" style="background-image: url('/uploads/sale/piedavajums-speka-maxima-xx-veikalos-6057.png');                     ">
                </div>
                                                                            
                                <div data-alt="Prece pieejama MAXIMA XXX veikalos" class="tag tag-soap-4 tag-shops" style="background-image: url('/uploads/sale/piedavajums-speka-maxima-xxx-veikalos-3117.png');                     ">
                </div>
                                                                            
                                <div data-alt="Trendi" class="tag tag-soap-62 " style="background-image: url('/uploads/sale/trendi-7759.png');                     ">
                </div>
                            
                    </div>
        <div class="tags tags_primary info_icon">
            
    <div data-alt="Preču piedāvājums atšķirīgs Maxima veikalos, ar aktuālo akcijas preču piedāvājumu aicinām iepazīties uz vietas veikalā!" class="tag i"></div>

        </div>

        <div class="info-notice">
            


                                                                                                                                    </div>

        <div class="img">
          <img alt="Ātri pagatavojamās nūdeles vistas un siera Ramen SAMYANG 140g" src="/uploads/sale/2026/sales_page/01/29//atri-pagatavojamas-nudeles-vistas-un-siera-ramen-samyang-140g-00210-0129083520.png?1769668520">
        </div>
        <div class="text paldies-card      ">
            <div class="title">Ātri pagatavojamās nūdeles vistas un siera Ramen SAMYANG 140g</div>
            <div class="pack">
                <span class="ptitle"></span>
                <span class="price"> 21.36 €/kg</span>
            </div>
                    </div>
        <div class="infopop">
            <div class="in"><span></span>
                <div class="arrow_top"></div>
                <div class="arrow_bottom"></div>
            </div>
        </div>
    </div>
</div><div class="col-third offer-item">
    <div class="item bl_shadow product-242432 paldies-card  offer-2-l-sp-sku units-price        " data-product-id="242432" data-timeout="84" data-dates-interval="28.01. - 06.05.2026." tabindex="0" role="button">
                                                    <div class="discount price with-unit-price ">
                                                                            <div class="paldies-card-icon with-unit-price">
                        <img src="/images/front/icons/paldies2-icon.png" alt="Paldies">
                    </div>
                                                                
                    <div class="t1 with-unit-price paldies-card">
            <span class="value">3</span>
            <span class="cents">49</span>
            <span class="eur">€</span>
            <span class="unit-price">25.85 €/kg</span>
        </div>
                    <div class="t2">
                <span class="value">4,99</span>
                <span class="eur">€</span>
            </div>
            <div class="t3 with-unit-price">
                <span class="value">4</span>
                <span class="cents">99</span>
                <span class="eur">€</span>
                <span class="unit-price">36.96 €/kg</span>            </div>
            
    <span class="vline"></span>
</div>                    		
        
        
        <div class="tags tags_primary bottom_icons">
                                                            
                                <div data-alt="Atlaide ar PALDIES karti" class="tag tag-soap-2 " style="background-image: url('/uploads/sale/atlaide-ar-paldies-karti-7358.png');                     ">
                </div>
                                                                            
                                <div data-alt="Trendi" class="tag tag-soap-62 " style="background-image: url('/uploads/sale/trendi-7759.png');                     ">
                </div>
                            
                    </div>
        <div class="tags tags_primary info_icon">
            
    <div data-alt="Preču piedāvājums atšķirīgs Maxima veikalos, ar aktuālo akcijas preču piedāvājumu aicinām iepazīties uz vietas veikalā!" class="tag i"></div>

        </div>

        <div class="info-notice">
            


                                                                            </div>

        <div class="img">
          <img alt="Siers Mon P'tit ar trifēlēm 135g" src="/uploads/sale/2026/sales_page/01/29//siers-mon-p-tit-ar-trifelem-135g-00211-0129083520.png?1769668520">
        </div>
        <div class="text paldies-card      ">
            <div class="title">Siers Mon P'tit ar trifēlēm 135g</div>
            <div class="pack">
                <span class="ptitle"></span>
                <span class="price"> 36.96 €/kg</span>
            </div>
                    </div>
        <div class="infopop">
            <div class="in"><span></span>
                <div class="arrow_top"></div>
                <div class="arrow_bottom"></div>
            </div>
        </div>
    </div>
</div><div class="col-third offer-item">
    <div class="item bl_shadow product-242433 paldies-card  offer-2-l-sp-sku units-price        " data-product-id="242433" data-timeout="84" data-dates-interval="28.01. - 06.05.2026." tabindex="0" role="button">
                                                    <div class="discount price with-unit-price ">
                                                                            <div class="paldies-card-icon with-unit-price">
                        <img src="/images/front/icons/paldies2-icon.png" alt="Paldies">
                    </div>
                                                                                                                                
                    <div class="t1 with-unit-price paldies-card">
            <span class="value">2</span>
            <span class="cents">39</span>
            <span class="eur">€</span>
            <span class="unit-price">43.45 €/kg</span>
        </div>
                    <div class="t2">
                <span class="value">3,29</span>
                <span class="eur">€</span>
            </div>
            <div class="t3 with-unit-price">
                <span class="value">3</span>
                <span class="cents">29</span>
                <span class="eur">€</span>
                <span class="unit-price">59.82 €/kg</span>            </div>
            
    <span class="vline"></span>
</div>                    		
        
        
        <div class="tags tags_primary bottom_icons">
                                                            
                                <div data-alt="Atlaide ar PALDIES karti" class="tag tag-soap-2 " style="background-image: url('/uploads/sale/atlaide-ar-paldies-karti-7358.png');                     ">
                </div>
                                                                            
                                <div data-alt="Prece pieejama MAXIMA XX veikalos" class="tag tag-soap-3 tag-shops" style="background-image: url('/uploads/sale/piedavajums-speka-maxima-xx-veikalos-6057.png');                     ">
                </div>
                                                                            
                                <div data-alt="Prece pieejama MAXIMA XXX veikalos" class="tag tag-soap-4 tag-shops" style="background-image: url('/uploads/sale/piedavajums-speka-maxima-xxx-veikalos-3117.png');                     ">
                </div>
                                                                            
                                <div data-alt="Trendi" class="tag tag-soap-62 " style="background-image: url('/uploads/sale/trendi-7759.png');                     ">
                </div>
                            
                    </div>
        <div class="tags tags_primary info_icon">
            
    <div data-alt="Preču piedāvājums atšķirīgs Maxima veikalos, ar aktuālo akcijas preču piedāvājumu aicinām iepazīties uz vietas veikalā!" class="tag i"></div>

        </div>

        <div class="info-notice">
            


                                                                                                                                    </div>

        <div class="img">
          <img alt="Proteīna batoniņš Chokladboll BAREBELLS 55g" src="/uploads/sale/2026/sales_page/01/29//proteina-batonins-chokladboll-barebells-55g-00212-0129083520.png?1769668520">
        </div>
        <div class="text paldies-card      ">
            <div class="title">Proteīna batoniņš Chokladboll BAREBELLS 55g</div>
            <div class="pack">
                <span class="ptitle"></span>
                <span class="price"> 59.82 €/kg</span>
            </div>
                    </div>
        <div class="infopop">
            <div class="in"><span></span>
                <div class="arrow_top"></div>
                <div class="arrow_bottom"></div>
            </div>
        </div>
    </div>
</div><div class="col-third offer-item">
    <div class="item bl_shadow product-242434 paldies-card  offer-2-l-sp-sku units-price        " data-product-id="242434" data-timeout="84" data-dates-interval="28.01. - 06.05.2026." tabindex="0" role="button">
                                                    <div class="discount price with-unit-price ">
                                                                            <div class="paldies-card-icon with-unit-price">
                        <img src="/images/front/icons/paldies2-icon.png" alt="Paldies">
                    </div>
                                                                                                                                
                    <div class="t1 with-unit-price paldies-card">
            <span class="value">2</span>
            <span class="cents">39</span>
            <span class="eur">€</span>
            <span class="unit-price">43.45 €/kg</span>
        </div>
                    <div class="t2">
                <span class="value">3,29</span>
                <span class="eur">€</span>
            </div>
            <div class="t3 with-unit-price">
                <span class="value">3</span>
                <span class="cents">29</span>
                <span class="eur">€</span>
                <span class="unit-price">59.82 €/kg</span>            </div>
            
    <span class="vline"></span>
</div>                    		
        
        
        <div class="tags tags_primary bottom_icons">
                                                            
                                <div data-alt="Atlaide ar PALDIES karti" class="tag tag-soap-2 " style="background-image: url('/uploads/sale/atlaide-ar-paldies-karti-7358.png');                     ">
                </div>
                                                                            
                                <div data-alt="Prece pieejama MAXIMA XX veikalos" class="tag tag-soap-3 tag-shops" style="background-image: url('/uploads/sale/piedavajums-speka-maxima-xx-veikalos-6057.png');                     ">
                </div>
                                                                            
                                <div data-alt="Prece pieejama MAXIMA XXX veikalos" class="tag tag-soap-4 tag-shops" style="background-image: url('/uploads/sale/piedavajums-speka-maxima-xxx-veikalos-3117.png');                     ">
                </div>
                                                                            
                                <div data-alt="Trendi" class="tag tag-soap-62 " style="background-image: url('/uploads/sale/trendi-7759.png');                     ">
                </div>
                            
                    </div>
        <div class="tags tags_primary info_icon">
            
    <div data-alt="Preču piedāvājums atšķirīgs Maxima veikalos, ar aktuālo akcijas preču piedāvājumu aicinām iepazīties uz vietas veikalā!" class="tag i"></div>

        </div>

        <div class="info-notice">
            


                                                                                                                                    </div>

        <div class="img">
          <img alt="Proteīna batoniņš Lemon Cheesecake BAREBELLS 55g" src="/uploads/sale/2026/sales_page/01/29//proteina-batonins-lemon-cheesecake-barebells-55g-00213-0129083520.png?1769668520">
        </div>
        <div class="text paldies-card      ">
            <div class="title">Proteīna batoniņš Lemon Cheesecake BAREBELLS 55g</div>
            <div class="pack">
                <span class="ptitle"></span>
                <span class="price"> 59.82 €/kg</span>
            </div>
                    </div>
        <div class="infopop">
            <div class="in"><span></span>
                <div class="arrow_top"></div>
                <div class="arrow_bottom"></div>
            </div>
        </div>
    </div>
</div><div class="col-third offer-item">
    <div class="item bl_shadow product-242435 paldies-card  offer-2-l-sp-sku units-price        " data-product-id="242435" data-timeout="84" data-dates-interval="28.01. - 06.05.2026." tabindex="0" role="button">
                                                    <div class="discount price with-unit-price ">
                                                                            <div class="paldies-card-icon with-unit-price">
                        <img src="/images/front/icons/paldies2-icon.png" alt="Paldies">
                    </div>
                                                                
                    <div class="t1 with-unit-price paldies-card">
            <span class="value">1</span>
            <span class="cents">29</span>
            <span class="eur">€</span>
            <span class="unit-price">19.85 €/kg</span>
        </div>
                    <div class="t2">
                <span class="value">1,99</span>
                <span class="eur">€</span>
            </div>
            <div class="t3 with-unit-price">
                <span class="value">1</span>
                <span class="cents">99</span>
                <span class="eur">€</span>
                <span class="unit-price">30.62 €/kg</span>            </div>
            
    <span class="vline"></span>
</div>                    		
        
        
        <div class="tags tags_primary bottom_icons">
                                                            
                                <div data-alt="Atlaide ar PALDIES karti" class="tag tag-soap-2 " style="background-image: url('/uploads/sale/atlaide-ar-paldies-karti-7358.png');                     ">
                </div>
                                                                            
                                <div data-alt="Trendi" class="tag tag-soap-62 " style="background-image: url('/uploads/sale/trendi-7759.png');                     ">
                </div>
                            
                    </div>
        <div class="tags tags_primary info_icon">
            
    <div data-alt="Preču piedāvājums atšķirīgs Maxima veikalos, ar aktuālo akcijas preču piedāvājumu aicinām iepazīties uz vietas veikalā!" class="tag i"></div>

        </div>

        <div class="info-notice">
            


                                                                            </div>

        <div class="img">
          <img alt="Želejas konfektes ar zemeņu garšu AMOS 65g" src="/uploads/sale/2026/sales_page/01/29//zelejas-konfektes-ar-zemenu-garsu-amos-65g-00214-0129083520.png?1769668520">
        </div>
        <div class="text paldies-card      ">
            <div class="title">Želejas konfektes ar zemeņu garšu AMOS 65g</div>
            <div class="pack">
                <span class="ptitle"></span>
                <span class="price"> 30.62 €/kg</span>
            </div>
                    </div>
        <div class="infopop">
            <div class="in"><span></span>
                <div class="arrow_top"></div>
                <div class="arrow_bottom"></div>
            </div>
        </div>
    </div>
</div><div class="col-third offer-item">
    <div class="item bl_shadow product-242436 paldies-card  offer-2-l-sp-sku units-price        " data-product-id="242436" data-timeout="84" data-dates-interval="28.01. - 06.05.2026." tabindex="0" role="button">
                                                    <div class="discount price with-unit-price ">
                                                                            <div class="paldies-card-icon with-unit-price">
                        <img src="/images/front/icons/paldies2-icon.png" alt="Paldies">
                    </div>
                                                                
                    <div class="t1 with-unit-price paldies-card">
            <span class="value">1</span>
            <span class="cents">29</span>
            <span class="eur">€</span>
            <span class="unit-price">17.92 €/kg</span>
        </div>
                    <div class="t2">
                <span class="value">1,99</span>
                <span class="eur">€</span>
            </div>
            <div class="t3 with-unit-price">
                <span class="value">1</span>
                <span class="cents">99</span>
                <span class="eur">€</span>
                <span class="unit-price">27.64 €/kg</span>            </div>
            
    <span class="vline"></span>
</div>                    		
        
        
        <div class="tags tags_primary bottom_icons">
                                                            
                                <div data-alt="Atlaide ar PALDIES karti" class="tag tag-soap-2 " style="background-image: url('/uploads/sale/atlaide-ar-paldies-karti-7358.png');                     ">
                </div>
                                                                            
                                <div data-alt="Trendi" class="tag tag-soap-62 " style="background-image: url('/uploads/sale/trendi-7759.png');                     ">
                </div>
                            
                    </div>
        <div class="tags tags_primary info_icon">
            
    <div data-alt="Preču piedāvājums atšķirīgs Maxima veikalos, ar aktuālo akcijas preču piedāvājumu aicinām iepazīties uz vietas veikalā!" class="tag i"></div>

        </div>

        <div class="info-notice">
            


                                                                            </div>

        <div class="img">
          <img alt="Želejas konfektes Blocks AMOS 72g" src="/uploads/sale/2026/sales_page/01/29//zelejas-konfektes-blocks-amos-72g-00215-0129083520.png?1769668520">
        </div>
        <div class="text paldies-card      ">
            <div class="title">Želejas konfektes Blocks AMOS 72g</div>
            <div class="pack">
                <span class="ptitle"></span>
                <span class="price"> 27.64 €/kg</span>
            </div>
                    </div>
        <div class="infopop">
            <div class="in"><span></span>
                <div class="arrow_top"></div>
                <div class="arrow_bottom"></div>
            </div>
        </div>
    </div>
</div><div class="col-third offer-item">
    <div class="item bl_shadow product-242437 paldies-card  offer-2-l-sp-sku units-price        " data-product-id="242437" data-timeout="84" data-dates-interval="28.01. - 06.05.2026." tabindex="0" role="button">
                                                    <div class="discount price with-unit-price ">
                                                                            <div class="paldies-card-icon with-unit-price">
                        <img src="/images/front/icons/paldies2-icon.png" alt="Paldies">
                    </div>
                                                                                                                                
                    <div class="t1 with-unit-price paldies-card">
            <span class="value">2</span>
            <span class="cents">39</span>
            <span class="eur">€</span>
            <span class="unit-price">43.45 €/kg</span>
        </div>
                    <div class="t2">
                <span class="value">3,29</span>
                <span class="eur">€</span>
            </div>
            <div class="t3 with-unit-price">
                <span class="value">3</span>
                <span class="cents">29</span>
                <span class="eur">€</span>
                <span class="unit-price">59.82 €/kg</span>            </div>
            
    <span class="vline"></span>
</div>                    		
        
        
        <div class="tags tags_primary bottom_icons">
                                                            
                                <div data-alt="Atlaide ar PALDIES karti" class="tag tag-soap-2 " style="background-image: url('/uploads/sale/atlaide-ar-paldies-karti-7358.png');                     ">
                </div>
                                                                            
                                <div data-alt="Prece pieejama MAXIMA XX veikalos" class="tag tag-soap-3 tag-shops" style="background-image: url('/uploads/sale/piedavajums-speka-maxima-xx-veikalos-6057.png');                     ">
                </div>
                                                                            
                                <div data-alt="Prece pieejama MAXIMA XXX veikalos" class="tag tag-soap-4 tag-shops" style="background-image: url('/uploads/sale/piedavajums-speka-maxima-xxx-veikalos-3117.png');                     ">
                </div>
                                                                            
                                <div data-alt="Trendi" class="tag tag-soap-62 " style="background-image: url('/uploads/sale/trendi-7759.png');                     ">
                </div>
                            
                    </div>
        <div class="tags tags_primary info_icon">
            
    <div data-alt="Preču piedāvājums atšķirīgs Maxima veikalos, ar aktuālo akcijas preču piedāvājumu aicinām iepazīties uz vietas veikalā!" class="tag i"></div>

        </div>

        <div class="info-notice">
            


                                                                                                                                    </div>

        <div class="img">
          <img alt="Proteīna batoniņš Coco Choco BAREBELLS 55g" src="/uploads/sale/2026/sales_page/01/29//proteina-batonins-coco-choco-barebells-55g-00216-0129083520.png?1769668520">
        </div>
        <div class="text paldies-card      ">
            <div class="title">Proteīna batoniņš Coco Choco BAREBELLS 55g</div>
            <div class="pack">
                <span class="ptitle"></span>
                <span class="price"> 59.82 €/kg</span>
            </div>
                    </div>
        <div class="infopop">
            <div class="in"><span></span>
                <div class="arrow_top"></div>
                <div class="arrow_bottom"></div>
            </div>
        </div>
    </div>
</div><div class="col-third offer-item">
    <div class="item bl_shadow product-242448 paldies-card  offer-2-l-sp-sku units-price        " data-product-id="242448" data-timeout="84" data-dates-interval="28.01. - 06.05.2026." tabindex="0" role="button">
                                                    <div class="discount price with-unit-price ">
                                                                            <div class="paldies-card-icon with-unit-price">
                        <img src="/images/front/icons/paldies2-icon.png" alt="Paldies">
                    </div>
                                                                                                                                
                    <div class="t1 with-unit-price paldies-card">
            <span class="value">4</span>
            <span class="cents">99</span>
            <span class="eur">€</span>
            <span class="unit-price">49.90 €/kg</span>
        </div>
                    <div class="t2">
                <span class="value">5,79</span>
                <span class="eur">€</span>
            </div>
            <div class="t3 with-unit-price">
                <span class="value">5</span>
                <span class="cents">79</span>
                <span class="eur">€</span>
                <span class="unit-price">57.90 €/kg</span>            </div>
            
    <span class="vline"></span>
</div>                    		
        
        
        <div class="tags tags_primary bottom_icons">
                                                            
                                <div data-alt="Atlaide ar PALDIES karti" class="tag tag-soap-2 " style="background-image: url('/uploads/sale/atlaide-ar-paldies-karti-7358.png');                     ">
                </div>
                                                                            
                                <div data-alt="Prece pieejama MAXIMA XX veikalos" class="tag tag-soap-3 tag-shops" style="background-image: url('/uploads/sale/piedavajums-speka-maxima-xx-veikalos-6057.png');                     ">
                </div>
                                                                            
                                <div data-alt="Prece pieejama MAXIMA XXX veikalos" class="tag tag-soap-4 tag-shops" style="background-image: url('/uploads/sale/piedavajums-speka-maxima-xxx-veikalos-3117.png');                     ">
                </div>
                                                                            
                                <div data-alt="Trendi" class="tag tag-soap-62 " style="background-image: url('/uploads/sale/trendi-7759.png');                     ">
                </div>
                            
                    </div>
        <div class="tags tags_primary info_icon">
            
    <div data-alt="Preču piedāvājums atšķirīgs Maxima veikalos, ar aktuālo akcijas preču piedāvājumu aicinām iepazīties uz vietas veikalā!" class="tag i"></div>

        </div>

        <div class="info-notice">
            


                                                                                                                                    </div>

        <div class="img">
          <img alt="Plānās sausmaizītes ar ķiplokiem un rozmarīnu CHERCHI 100g" src="/uploads/sale/2026/sales_page/01/29//planas-sausmaizites-ar-kiplokiem-un-rozmarinu-cherchi-100g-00217-0202142618.png?1770035178">
        </div>
        <div class="text paldies-card      ">
            <div class="title">Plānās sausmaizītes ar ķiplokiem un rozmarīnu CHERCHI 100g</div>
            <div class="pack">
                <span class="ptitle"></span>
                <span class="price"> 57.90 €/kg</span>
            </div>
                    </div>
        <div class="infopop">
            <div class="in"><span></span>
                <div class="arrow_top"></div>
                <div class="arrow_bottom"></div>
            </div>
        </div>
    </div>
</div><div class="col-third offer-item">
    <div class="item bl_shadow product-242449 paldies-card  offer-2-l-sp-sku units-price        " data-product-id="242449" data-timeout="84" data-dates-interval="28.01. - 06.05.2026." tabindex="0" role="button">
                                                    <div class="discount price with-unit-price ">
                                                                            <div class="paldies-card-icon with-unit-price">
                        <img src="/images/front/icons/paldies2-icon.png" alt="Paldies">
                    </div>
                                                                                                                                
                    <div class="t1 with-unit-price paldies-card">
            <span class="value">2</span>
            <span class="cents">29</span>
            <span class="eur">€</span>
            <span class="unit-price">22.90 €/kg</span>
        </div>
                    <div class="t2">
                <span class="value">2,99</span>
                <span class="eur">€</span>
            </div>
            <div class="t3 with-unit-price">
                <span class="value">2</span>
                <span class="cents">99</span>
                <span class="eur">€</span>
                <span class="unit-price">29.90 €/kg</span>            </div>
            
    <span class="vline"></span>
</div>                    		
        
        
        <div class="tags tags_primary bottom_icons">
                                                            
                                <div data-alt="Atlaide ar PALDIES karti" class="tag tag-soap-2 " style="background-image: url('/uploads/sale/atlaide-ar-paldies-karti-7358.png');                     ">
                </div>
                                                                            
                                <div data-alt="Prece pieejama MAXIMA XX veikalos" class="tag tag-soap-3 tag-shops" style="background-image: url('/uploads/sale/piedavajums-speka-maxima-xx-veikalos-6057.png');                     ">
                </div>
                                                                            
                                <div data-alt="Prece pieejama MAXIMA XXX veikalos" class="tag tag-soap-4 tag-shops" style="background-image: url('/uploads/sale/piedavajums-speka-maxima-xxx-veikalos-3117.png');                     ">
                </div>
                                                                            
                                <div data-alt="Trendi" class="tag tag-soap-62 " style="background-image: url('/uploads/sale/trendi-7759.png');                     ">
                </div>
                            
                    </div>
        <div class="tags tags_primary info_icon">
            
    <div data-alt="Preču piedāvājums atšķirīgs Maxima veikalos, ar aktuālo akcijas preču piedāvājumu aicinām iepazīties uz vietas veikalā!" class="tag i"></div>

        </div>

        <div class="info-notice">
            


                                                                                                                                    </div>

        <div class="img">
          <img alt="Dateles Sweet Peach TRUE DATES 100g" src="/uploads/sale/2026/sales_page/01/29//dateles-sweet-peach-true-dates-100g-00218-0129083523.png?1769668523">
        </div>
        <div class="text paldies-card      ">
            <div class="title">Dateles Sweet Peach TRUE DATES 100g</div>
            <div class="pack">
                <span class="ptitle"></span>
                <span class="price"> 29.90 €/kg</span>
            </div>
                    </div>
        <div class="infopop">
            <div class="in"><span></span>
                <div class="arrow_top"></div>
                <div class="arrow_bottom"></div>
            </div>
        </div>
    </div>
</div><div class="col-third offer-item">
    <div class="item bl_shadow product-242450 paldies-card  offer-2-l-sp-sku units-price        " data-product-id="242450" data-timeout="84" data-dates-interval="28.01. - 06.05.2026." tabindex="0" role="button">
                                                    <div class="discount price with-unit-price ">
                                                                            <div class="paldies-card-icon with-unit-price">
                        <img src="/images/front/icons/paldies2-icon.png" alt="Paldies">
                    </div>
                                                                                                                                
                    <div class="t1 with-unit-price paldies-card">
            <span class="value">2</span>
            <span class="cents">29</span>
            <span class="eur">€</span>
            <span class="unit-price">22.90 €/kg</span>
        </div>
                    <div class="t2">
                <span class="value">2,99</span>
                <span class="eur">€</span>
            </div>
            <div class="t3 with-unit-price">
                <span class="value">2</span>
                <span class="cents">99</span>
                <span class="eur">€</span>
                <span class="unit-price">29.90 €/kg</span>            </div>
            
    <span class="vline"></span>
</div>                    		
        
        
        <div class="tags tags_primary bottom_icons">
                                                            
                                <div data-alt="Atlaide ar PALDIES karti" class="tag tag-soap-2 " style="background-image: url('/uploads/sale/atlaide-ar-paldies-karti-7358.png');                     ">
                </div>
                                                                            
                                <div data-alt="Prece pieejama MAXIMA XX veikalos" class="tag tag-soap-3 tag-shops" style="background-image: url('/uploads/sale/piedavajums-speka-maxima-xx-veikalos-6057.png');                     ">
                </div>
                                                                            
                                <div data-alt="Prece pieejama MAXIMA XXX veikalos" class="tag tag-soap-4 tag-shops" style="background-image: url('/uploads/sale/piedavajums-speka-maxima-xxx-veikalos-3117.png');                     ">
                </div>
                                                                            
                                <div data-alt="Trendi" class="tag tag-soap-62 " style="background-image: url('/uploads/sale/trendi-7759.png');                     ">
                </div>
                            
                    </div>
        <div class="tags tags_primary info_icon">
            
    <div data-alt="Preču piedāvājums atšķirīgs Maxima veikalos, ar aktuālo akcijas preču piedāvājumu aicinām iepazīties uz vietas veikalā!" class="tag i"></div>

        </div>

        <div class="info-notice">
            


                                                                                                                                    </div>

        <div class="img">
          <img alt="Dateles Cookie Dough TRUE DATES 100g" src="/uploads/sale/2026/sales_page/01/29//dateles-cookie-dough-true-dates-100g-00219-0129083523.png?1769668523">
        </div>
        <div class="text paldies-card      ">
            <div class="title">Dateles Cookie Dough TRUE DATES 100g</div>
            <div class="pack">
                <span class="ptitle"></span>
                <span class="price"> 29.90 €/kg</span>
            </div>
                    </div>
        <div class="infopop">
            <div class="in"><span></span>
                <div class="arrow_top"></div>
                <div class="arrow_bottom"></div>
            </div>
        </div>
    </div>
</div><div class="col-third offer-item">
    <div class="item bl_shadow product-242451 paldies-card  offer-2-l-sp-sku units-price        " data-product-id="242451" data-timeout="84" data-dates-interval="28.01. - 06.05.2026." tabindex="0" role="button">
                                                    <div class="discount price with-unit-price ">
                                                                            <div class="paldies-card-icon with-unit-price">
                        <img src="/images/front/icons/paldies2-icon.png" alt="Paldies">
                    </div>
                                                                                                                                
                    <div class="t1 with-unit-price paldies-card">
            <span class="value">2</span>
            <span class="cents">29</span>
            <span class="eur">€</span>
            <span class="unit-price">22.90 €/kg</span>
        </div>
                    <div class="t2">
                <span class="value">2,99</span>
                <span class="eur">€</span>
            </div>
            <div class="t3 with-unit-price">
                <span class="value">2</span>
                <span class="cents">99</span>
                <span class="eur">€</span>
                <span class="unit-price">29.90 €/kg</span>            </div>
            
    <span class="vline"></span>
</div>                    		
        
        
        <div class="tags tags_primary bottom_icons">
                                                            
                                <div data-alt="Atlaide ar PALDIES karti" class="tag tag-soap-2 " style="background-image: url('/uploads/sale/atlaide-ar-paldies-karti-7358.png');                     ">
                </div>
                                                                            
                                <div data-alt="Prece pieejama MAXIMA XX veikalos" class="tag tag-soap-3 tag-shops" style="background-image: url('/uploads/sale/piedavajums-speka-maxima-xx-veikalos-6057.png');                     ">
                </div>
                                                                            
                                <div data-alt="Prece pieejama MAXIMA XXX veikalos" class="tag tag-soap-4 tag-shops" style="background-image: url('/uploads/sale/piedavajums-speka-maxima-xxx-veikalos-3117.png');                     ">
                </div>
                                                                            
                                <div data-alt="Trendi" class="tag tag-soap-62 " style="background-image: url('/uploads/sale/trendi-7759.png');                     ">
                </div>
                            
                    </div>
        <div class="tags tags_primary info_icon">
            
    <div data-alt="Preču piedāvājums atšķirīgs Maxima veikalos, ar aktuālo akcijas preču piedāvājumu aicinām iepazīties uz vietas veikalā!" class="tag i"></div>

        </div>

        <div class="info-notice">
            


                                                                                                                                    </div>

        <div class="img">
          <img alt="Dateles Sour Apple TRUE DATES 100g" src="/uploads/sale/2026/sales_page/01/29//dateles-sour-apple-true-dates-100g-00220-0129083523.png?1769668523">
        </div>
        <div class="text paldies-card      ">
            <div class="title">Dateles Sour Apple TRUE DATES 100g</div>
            <div class="pack">
                <span class="ptitle"></span>
                <span class="price"> 29.90 €/kg</span>
            </div>
                    </div>
        <div class="infopop">
            <div class="in"><span></span>
                <div class="arrow_top"></div>
                <div class="arrow_bottom"></div>
            </div>
        </div>
    </div>
</div><div class="col-third offer-item">
    <div class="item bl_shadow product-242493 paldies-card  offer-2-l-sp-sku units-price        " data-product-id="242493" data-timeout="84" data-dates-interval="28.01. - 06.05.2026." tabindex="0" role="button">
                                                    <div class="discount price with-unit-price ">
                                                                            <div class="paldies-card-icon with-unit-price">
                        <img src="/images/front/icons/paldies2-icon.png" alt="Paldies">
                    </div>
                                                                                                                                
                    <div class="t1 with-unit-price paldies-card">
            <span class="value">4</span>
            <span class="cents">99</span>
            <span class="eur">€</span>
            <span class="unit-price">49.90 €/kg</span>
        </div>
                    <div class="t2">
                <span class="value">5,79</span>
                <span class="eur">€</span>
            </div>
            <div class="t3 with-unit-price">
                <span class="value">5</span>
                <span class="cents">79</span>
                <span class="eur">€</span>
                <span class="unit-price">57.90 €/kg</span>            </div>
            
    <span class="vline"></span>
</div>                    		
        
        
        <div class="tags tags_primary bottom_icons">
                                                            
                                <div data-alt="Atlaide ar PALDIES karti" class="tag tag-soap-2 " style="background-image: url('/uploads/sale/atlaide-ar-paldies-karti-7358.png');                     ">
                </div>
                                                                            
                                <div data-alt="Prece pieejama MAXIMA XX veikalos" class="tag tag-soap-3 tag-shops" style="background-image: url('/uploads/sale/piedavajums-speka-maxima-xx-veikalos-6057.png');                     ">
                </div>
                                                                            
                                <div data-alt="Prece pieejama MAXIMA XXX veikalos" class="tag tag-soap-4 tag-shops" style="background-image: url('/uploads/sale/piedavajums-speka-maxima-xxx-veikalos-3117.png');                     ">
                </div>
                                                                            
                                <div data-alt="Trendi" class="tag tag-soap-62 " style="background-image: url('/uploads/sale/trendi-7759.png');                     ">
                </div>
                            
                    </div>
        <div class="tags tags_primary info_icon">
            
    <div data-alt="Preču piedāvājums atšķirīgs Maxima veikalos, ar aktuālo akcijas preču piedāvājumu aicinām iepazīties uz vietas veikalā!" class="tag i"></div>

        </div>

        <div class="info-notice">
            


                                                                                                                                    </div>

        <div class="img">
          <img alt="Plānās sausmaizītes melnās CHERCHI 100g" src="/uploads/sale/2026/sales_page/01/29//planas-sausmaizites-melnas-cherchi-100g-00236-0202142524.png?1770035124">
        </div>
        <div class="text paldies-card      ">
            <div class="title">Plānās sausmaizītes melnās CHERCHI 100g</div>
            <div class="pack">
                <span class="ptitle"></span>
                <span class="price"> 57.90 €/kg</span>
            </div>
                    </div>
        <div class="infopop">
            <div class="in"><span></span>
                <div class="arrow_top"></div>
                <div class="arrow_bottom"></div>
            </div>
        </div>
    </div>
</div><div class="col-third offer-item">
    <div class="item bl_shadow product-242494 paldies-card  offer-2-l-sp-sku units-price        " data-product-id="242494" data-timeout="84" data-dates-interval="28.01. - 06.05.2026." tabindex="0" role="button">
                                                    <div class="discount price with-unit-price ">
                                                                            <div class="paldies-card-icon with-unit-price">
                        <img src="/images/front/icons/paldies2-icon.png" alt="Paldies">
                    </div>
                                                                                                                                
                    <div class="t1 with-unit-price paldies-card">
            <span class="value">2</span>
            <span class="cents">49</span>
            <span class="eur">€</span>
            <span class="unit-price">23.71 €/kg</span>
        </div>
                    <div class="t2">
                <span class="value">3,49</span>
                <span class="eur">€</span>
            </div>
            <div class="t3 with-unit-price">
                <span class="value">3</span>
                <span class="cents">49</span>
                <span class="eur">€</span>
                <span class="unit-price">33.24 €/kg</span>            </div>
            
    <span class="vline"></span>
</div>                    		
        
        
        <div class="tags tags_primary bottom_icons">
                                                            
                                <div data-alt="Atlaide ar PALDIES karti" class="tag tag-soap-2 " style="background-image: url('/uploads/sale/atlaide-ar-paldies-karti-7358.png');                     ">
                </div>
                                                                            
                                <div data-alt="Prece pieejama MAXIMA XX veikalos" class="tag tag-soap-3 tag-shops" style="background-image: url('/uploads/sale/piedavajums-speka-maxima-xx-veikalos-6057.png');                     ">
                </div>
                                                                            
                                <div data-alt="Prece pieejama MAXIMA XXX veikalos" class="tag tag-soap-4 tag-shops" style="background-image: url('/uploads/sale/piedavajums-speka-maxima-xxx-veikalos-3117.png');                     ">
                </div>
                                                                            
                                <div data-alt="Trendi" class="tag tag-soap-62 " style="background-image: url('/uploads/sale/trendi-7759.png');                     ">
                </div>
                            
                    </div>
        <div class="tags tags_primary info_icon">
            
    <div data-alt="Preču piedāvājums atšķirīgs Maxima veikalos, ar aktuālo akcijas preču piedāvājumu aicinām iepazīties uz vietas veikalā!" class="tag i"></div>

        </div>

        <div class="info-notice">
            


                                                                                                                                    </div>

        <div class="img">
          <img alt="Ātri pagatavojamās nūdeles ar sēņu garšu Tangle SAMYANG 105g" src="/uploads/sale/2026/sales_page/01/29//atri-pagatavojamas-nudeles-ar-senu-garsu-tangle-samyang-105g-00237-0129083530.png?1769668530">
        </div>
        <div class="text paldies-card      ">
            <div class="title">Ātri pagatavojamās nūdeles ar sēņu garšu Tangle SAMYANG 105g</div>
            <div class="pack">
                <span class="ptitle"></span>
                <span class="price"> 33.24 €/kg</span>
            </div>
                    </div>
        <div class="infopop">
            <div class="in"><span></span>
                <div class="arrow_top"></div>
                <div class="arrow_bottom"></div>
            </div>
        </div>
    </div>
</div><div class="col-third offer-item">
    <div class="item bl_shadow product-242495 paldies-card  offer-2-l-sp-sku units-price        " data-product-id="242495" data-timeout="84" data-dates-interval="28.01. - 06.05.2026." tabindex="0" role="button">
                                                    <div class="discount price with-unit-price ">
                                                                            <div class="paldies-card-icon with-unit-price">
                        <img src="/images/front/icons/paldies2-icon.png" alt="Paldies">
                    </div>
                                                                                                                                
                    <div class="t1 with-unit-price paldies-card">
            <span class="value">2</span>
            <span class="cents">49</span>
            <span class="eur">€</span>
            <span class="unit-price">23.06 €/kg</span>
        </div>
                    <div class="t2">
                <span class="value">3,49</span>
                <span class="eur">€</span>
            </div>
            <div class="t3 with-unit-price">
                <span class="value">3</span>
                <span class="cents">49</span>
                <span class="eur">€</span>
                <span class="unit-price">32.31 €/kg</span>            </div>
            
    <span class="vline"></span>
</div>                    		
        
        
        <div class="tags tags_primary bottom_icons">
                                                            
                                <div data-alt="Atlaide ar PALDIES karti" class="tag tag-soap-2 " style="background-image: url('/uploads/sale/atlaide-ar-paldies-karti-7358.png');                     ">
                </div>
                                                                            
                                <div data-alt="Prece pieejama MAXIMA XX veikalos" class="tag tag-soap-3 tag-shops" style="background-image: url('/uploads/sale/piedavajums-speka-maxima-xx-veikalos-6057.png');                     ">
                </div>
                                                                            
                                <div data-alt="Prece pieejama MAXIMA XXX veikalos" class="tag tag-soap-4 tag-shops" style="background-image: url('/uploads/sale/piedavajums-speka-maxima-xxx-veikalos-3117.png');                     ">
                </div>
                                                                            
                                <div data-alt="Trendi" class="tag tag-soap-62 " style="background-image: url('/uploads/sale/trendi-7759.png');                     ">
                </div>
                            
                    </div>
        <div class="tags tags_primary info_icon">
            
    <div data-alt="Preču piedāvājums atšķirīgs Maxima veikalos, ar aktuālo akcijas preču piedāvājumu aicinām iepazīties uz vietas veikalā!" class="tag i"></div>

        </div>

        <div class="info-notice">
            


                                                                                                                                    </div>

        <div class="img">
          <img alt="Ātri pagatavojamās nūdeles Bulgogi Tangle SAMYANG 105g" src="/uploads/sale/2026/sales_page/01/29//atri-pagatavojamas-nudeles-bulgogi-tangle-samyang-105g-00238-0129083530.png?1769668530">
        </div>
        <div class="text paldies-card      ">
            <div class="title">Ātri pagatavojamās nūdeles Bulgogi Tangle SAMYANG 105g</div>
            <div class="pack">
                <span class="ptitle"></span>
                <span class="price"> 32.31 €/kg</span>
            </div>
                    </div>
        <div class="infopop">
            <div class="in"><span></span>
                <div class="arrow_top"></div>
                <div class="arrow_bottom"></div>
            </div>
        </div>
    </div>
</div><div class="col-third offer-item">
    <div class="item bl_shadow product-242458 paldies-card  offer-2-l-sp-sku units-price        " data-product-id="242458" data-timeout="84" data-dates-interval="28.01. - 06.05.2026." tabindex="0" role="button">
                                                    <div class="discount price with-unit-price ">
                                                                            <div class="paldies-card-icon with-unit-price">
                        <img src="/images/front/icons/paldies2-icon.png" alt="Paldies">
                    </div>
                                                                                                                                
                    <div class="t1 with-unit-price paldies-card">
            <span class="value">2</span>
            <span class="cents">49</span>
            <span class="eur">€</span>
            <span class="unit-price">24.90 €/kg</span>
        </div>
                    <div class="t2">
                <span class="value">3,49</span>
                <span class="eur">€</span>
            </div>
            <div class="t3 with-unit-price">
                <span class="value">3</span>
                <span class="cents">49</span>
                <span class="eur">€</span>
                <span class="unit-price">34.90 €/kg</span>            </div>
            
    <span class="vline"></span>
</div>                    		
        
        
        <div class="tags tags_primary bottom_icons">
                                                            
                                <div data-alt="Atlaide ar PALDIES karti" class="tag tag-soap-2 " style="background-image: url('/uploads/sale/atlaide-ar-paldies-karti-7358.png');                     ">
                </div>
                                                                            
                                <div data-alt="Prece pieejama MAXIMA XX veikalos" class="tag tag-soap-3 tag-shops" style="background-image: url('/uploads/sale/piedavajums-speka-maxima-xx-veikalos-6057.png');                     ">
                </div>
                                                                            
                                <div data-alt="Prece pieejama MAXIMA XXX veikalos" class="tag tag-soap-4 tag-shops" style="background-image: url('/uploads/sale/piedavajums-speka-maxima-xxx-veikalos-3117.png');                     ">
                </div>
                                                                            
                                <div data-alt="Trendi" class="tag tag-soap-62 " style="background-image: url('/uploads/sale/trendi-7759.png');                     ">
                </div>
                            
                    </div>
        <div class="tags tags_primary info_icon">
            
    <div data-alt="Preču piedāvājums atšķirīgs Maxima veikalos, ar aktuālo akcijas preču piedāvājumu aicinām iepazīties uz vietas veikalā!" class="tag i"></div>

        </div>

        <div class="info-notice">
            


                                                                                                                                    </div>

        <div class="img">
          <img alt="Ātri pagatavojamās nūdeles ar ķiploku garšu Tangle SAMYANG 100g" src="/uploads/sale/2026/sales_page/01/29//atri-pagatavojamas-nudeles-ar-kiploku-garsu-tangle-samyang-100g-00239-0129083525.png?1769668525">
        </div>
        <div class="text paldies-card      ">
            <div class="title">Ātri pagatavojamās nūdeles ar ķiploku garšu Tangle SAMYANG 100g</div>
            <div class="pack">
                <span class="ptitle"></span>
                <span class="price"> 34.90 €/kg</span>
            </div>
                    </div>
        <div class="infopop">
            <div class="in"><span></span>
                <div class="arrow_top"></div>
                <div class="arrow_bottom"></div>
            </div>
        </div>
    </div>
</div><div class="col-third offer-item">
    <div class="item bl_shadow product-242459 paldies-card  offer-2-l-sp-sku units-price        " data-product-id="242459" data-timeout="84" data-dates-interval="28.01. - 06.05.2026." tabindex="0" role="button">
                                                    <div class="discount price with-unit-price ">
                                                                            <div class="paldies-card-icon with-unit-price">
                        <img src="/images/front/icons/paldies2-icon.png" alt="Paldies">
                    </div>
                                                                                                                                                                
                    <div class="t1 with-unit-price paldies-card">
            <span class="value">6</span>
            <span class="cents">99</span>
            <span class="eur">€</span>
            <span class="unit-price">9.99 €/kg</span>
        </div>
                    <div class="t2">
                <span class="value">9,99</span>
                <span class="eur">€</span>
            </div>
            <div class="t3 with-unit-price">
                <span class="value">9</span>
                <span class="cents">99</span>
                <span class="eur">€</span>
                <span class="unit-price">14.27 €/kg</span>            </div>
            
    <span class="vline"></span>
</div>                    		
        
        
        <div class="tags tags_primary bottom_icons">
                                                            
                                <div data-alt="Atlaide ar PALDIES karti" class="tag tag-soap-2 " style="background-image: url('/uploads/sale/atlaide-ar-paldies-karti-7358.png');                     ">
                </div>
                                                                            
                                <div data-alt="Prece pieejama MAXIMA XX veikalos" class="tag tag-soap-3 tag-shops" style="background-image: url('/uploads/sale/piedavajums-speka-maxima-xx-veikalos-6057.png');                     ">
                </div>
                                                                            
                                <div data-alt="Prece pieejama MAXIMA XXX veikalos" class="tag tag-soap-4 tag-shops" style="background-image: url('/uploads/sale/piedavajums-speka-maxima-xxx-veikalos-3117.png');                     ">
                </div>
                                                                            
                                <div data-alt="Saldēts produkts" class="tag tag-soap-11 " style="background-image: url('/uploads/sale/saldets-produkts-4932.png');                     ">
                </div>
                                                                            
                                <div data-alt="Trendi" class="tag tag-soap-62 " style="background-image: url('/uploads/sale/trendi-7759.png');                     ">
                </div>
                            
                    </div>
        <div class="tags tags_primary info_icon">
            
    <div data-alt="Preču piedāvājums atšķirīgs Maxima veikalos, ar aktuālo akcijas preču piedāvājumu aicinām iepazīties uz vietas veikalā!" class="tag i"></div>

        </div>

        <div class="info-notice">
            


                                                                                                                                                                </div>

        <div class="img">
          <img alt="Saldēti asie vistas pelmeņi BULDAK 700g" src="/uploads/sale/2026/sales_page/01/29//saldeti-asie-vistas-pelmeni-buldak-700g-00240-0129083525.png?1769668525">
        </div>
        <div class="text paldies-card      ">
            <div class="title">Saldēti asie vistas pelmeņi BULDAK 700g</div>
            <div class="pack">
                <span class="ptitle"></span>
                <span class="price"> 14.27 €/kg</span>
            </div>
                    </div>
        <div class="infopop">
            <div class="in"><span></span>
                <div class="arrow_top"></div>
                <div class="arrow_bottom"></div>
            </div>
        </div>
    </div>
</div><div class="col-third offer-item">
    <div class="item bl_shadow product-242460 paldies-card  offer-2-l-sp-sku units-price        " data-product-id="242460" data-timeout="84" data-dates-interval="28.01. - 06.05.2026." tabindex="0" role="button">
                                                    <div class="discount price with-unit-price ">
                                                                            <div class="paldies-card-icon with-unit-price">
                        <img src="/images/front/icons/paldies2-icon.png" alt="Paldies">
                    </div>
                                                                
                    <div class="t1 with-unit-price paldies-card">
            <span class="value">1</span>
            <span class="cents">69</span>
            <span class="eur">€</span>
            <span class="unit-price">3.38 €/l</span>
        </div>
                    <div class="t2">
                <span class="value">2,99</span>
                <span class="eur">€</span>
            </div>
            <div class="t3 with-unit-price">
                <span class="value">2</span>
                <span class="cents">99</span>
                <span class="eur">€</span>
                <span class="unit-price">5.98 €/l</span>            </div>
            
    <span class="vline"></span>
</div>                    		
        
        
        <div class="tags tags_primary bottom_icons">
                                                            
                                <div data-alt="Atlaide ar PALDIES karti" class="tag tag-soap-2 " style="background-image: url('/uploads/sale/atlaide-ar-paldies-karti-7358.png');                     ">
                </div>
                                                                            
                                <div data-alt="Trendi" class="tag tag-soap-62 " style="background-image: url('/uploads/sale/trendi-7759.png');                     ">
                </div>
                            
                    </div>
        <div class="tags tags_primary info_icon">
            
    <div data-alt="Preču piedāvājums atšķirīgs Maxima veikalos, ar aktuālo akcijas preču piedāvājumu aicinām iepazīties uz vietas veikalā!" class="tag i"></div>

        </div>

        <div class="info-notice">
            


                                                                            </div>

        <div class="img">
          <img alt="Dzēriens Mochi Watermelon SOTI NATURAL 0,5L" src="/uploads/sale/2026/sales_page/01/29//dzeriens-mochi-watermelon-soti-natural-0-5l-00241-0129083525.png?1769668525">
        </div>
        <div class="text paldies-card      ">
            <div class="title">Dzēriens Mochi Watermelon SOTI NATURAL 0,5L</div>
            <div class="pack">
                <span class="ptitle"></span>
                <span class="price"> 5.98 €/l</span>
            </div>
                    </div>
        <div class="infopop">
            <div class="in"><span></span>
                <div class="arrow_top"></div>
                <div class="arrow_bottom"></div>
            </div>
        </div>
    </div>
</div><div class="col-third offer-item">
    <div class="item bl_shadow product-242461 paldies-card  offer-2-l-sp-sku units-price        " data-product-id="242461" data-timeout="84" data-dates-interval="28.01. - 06.05.2026." tabindex="0" role="button">
                                                    <div class="discount price with-unit-price ">
                                                                            <div class="paldies-card-icon with-unit-price">
                        <img src="/images/front/icons/paldies2-icon.png" alt="Paldies">
                    </div>
                                                                                                                                
                    <div class="t1 with-unit-price paldies-card">
            <span class="value">1</span>
            <span class="cents">69</span>
            <span class="eur">€</span>
            <span class="unit-price">3.38 €/l</span>
        </div>
                    <div class="t2">
                <span class="value">2,99</span>
                <span class="eur">€</span>
            </div>
            <div class="t3 with-unit-price">
                <span class="value">2</span>
                <span class="cents">99</span>
                <span class="eur">€</span>
                <span class="unit-price">5.98 €/l</span>            </div>
            
    <span class="vline"></span>
</div>                    		
        
        
        <div class="tags tags_primary bottom_icons">
                                                            
                                <div data-alt="Atlaide ar PALDIES karti" class="tag tag-soap-2 " style="background-image: url('/uploads/sale/atlaide-ar-paldies-karti-7358.png');                     ">
                </div>
                                                                            
                                <div data-alt="Prece pieejama MAXIMA XX veikalos" class="tag tag-soap-3 tag-shops" style="background-image: url('/uploads/sale/piedavajums-speka-maxima-xx-veikalos-6057.png');                     ">
                </div>
                                                                            
                                <div data-alt="Prece pieejama MAXIMA XXX veikalos" class="tag tag-soap-4 tag-shops" style="background-image: url('/uploads/sale/piedavajums-speka-maxima-xxx-veikalos-3117.png');                     ">
                </div>
                                                                            
                                <div data-alt="Trendi" class="tag tag-soap-62 " style="background-image: url('/uploads/sale/trendi-7759.png');                     ">
                </div>
                            
                    </div>
        <div class="tags tags_primary info_icon">
            
    <div data-alt="Preču piedāvājums atšķirīgs Maxima veikalos, ar aktuālo akcijas preču piedāvājumu aicinām iepazīties uz vietas veikalā!" class="tag i"></div>

        </div>

        <div class="info-notice">
            


                                                                                                                                    </div>

        <div class="img">
          <img alt="Dzēriens Mochi Mango-Matcha SOTI NATURAL 0,5L" src="/uploads/sale/2026/sales_page/01/29//dzeriens-mochi-mango-matcha-soti-natural-0-5l-00242-0129083525.png?1769668525">
        </div>
        <div class="text paldies-card      ">
            <div class="title">Dzēriens Mochi Mango-Matcha SOTI NATURAL 0,5L</div>
            <div class="pack">
                <span class="ptitle"></span>
                <span class="price"> 5.98 €/l</span>
            </div>
                    </div>
        <div class="infopop">
            <div class="in"><span></span>
                <div class="arrow_top"></div>
                <div class="arrow_bottom"></div>
            </div>
        </div>
    </div>
</div><div class="col-third offer-item">
    <div class="item bl_shadow product-242462 paldies-card  offer-2-l-sp-sku units-price        " data-product-id="242462" data-timeout="84" data-dates-interval="28.01. - 06.05.2026." tabindex="0" role="button">
                                                    <div class="discount price with-unit-price ">
                                                                            <div class="paldies-card-icon with-unit-price">
                        <img src="/images/front/icons/paldies2-icon.png" alt="Paldies">
                    </div>
                                                                                                                                
                    <div class="t1 with-unit-price paldies-card">
            <span class="value">1</span>
            <span class="cents">99</span>
            <span class="eur">€</span>
            <span class="unit-price">24.88 €/kg</span>
        </div>
                    <div class="t2">
                <span class="value">2,99</span>
                <span class="eur">€</span>
            </div>
            <div class="t3 with-unit-price">
                <span class="value">2</span>
                <span class="cents">99</span>
                <span class="eur">€</span>
                <span class="unit-price">37.38 €/kg</span>            </div>
            
    <span class="vline"></span>
</div>                    		
        
        
        <div class="tags tags_primary bottom_icons">
                                                            
                                <div data-alt="Atlaide ar PALDIES karti" class="tag tag-soap-2 " style="background-image: url('/uploads/sale/atlaide-ar-paldies-karti-7358.png');                     ">
                </div>
                                                                            
                                <div data-alt="Prece pieejama MAXIMA XX veikalos" class="tag tag-soap-3 tag-shops" style="background-image: url('/uploads/sale/piedavajums-speka-maxima-xx-veikalos-6057.png');                     ">
                </div>
                                                                            
                                <div data-alt="Prece pieejama MAXIMA XXX veikalos" class="tag tag-soap-4 tag-shops" style="background-image: url('/uploads/sale/piedavajums-speka-maxima-xxx-veikalos-3117.png');                     ">
                </div>
                                                                            
                                <div data-alt="Trendi" class="tag tag-soap-62 " style="background-image: url('/uploads/sale/trendi-7759.png');                     ">
                </div>
                            
                    </div>
        <div class="tags tags_primary info_icon">
            
    <div data-alt="Preču piedāvājums atšķirīgs Maxima veikalos, ar aktuālo akcijas preču piedāvājumu aicinām iepazīties uz vietas veikalā!" class="tag i"></div>

        </div>

        <div class="info-notice">
            


                                                                                                                                    </div>

        <div class="img">
          <img alt="Sāļā uzkoda Foie Gras Steak PRINGLES 80g" src="/uploads/sale/2026/sales_page/01/29//sala-uzkoda-foie-gras-steak-pringles-80g-00243-0129083525.png?1769668525">
        </div>
        <div class="text paldies-card      ">
            <div class="title">Sāļā uzkoda Foie Gras Steak PRINGLES 80g</div>
            <div class="pack">
                <span class="ptitle"></span>
                <span class="price"> 37.38 €/kg</span>
            </div>
                    </div>
        <div class="infopop">
            <div class="in"><span></span>
                <div class="arrow_top"></div>
                <div class="arrow_bottom"></div>
            </div>
        </div>
    </div>
</div><div class="col-third offer-item">
    <div class="item bl_shadow product-242463 paldies-card  offer-2-l-sp-sku units-price        " data-product-id="242463" data-timeout="84" data-dates-interval="28.01. - 06.05.2026." tabindex="0" role="button">
                                                    <div class="discount price with-unit-price ">
                                                                            <div class="paldies-card-icon with-unit-price">
                        <img src="/images/front/icons/paldies2-icon.png" alt="Paldies">
                    </div>
                                                                                                                                
                    <div class="t1 with-unit-price paldies-card">
            <span class="value">1</span>
            <span class="cents">99</span>
            <span class="eur">€</span>
            <span class="unit-price">24.88 €/kg</span>
        </div>
                    <div class="t2">
                <span class="value">2,99</span>
                <span class="eur">€</span>
            </div>
            <div class="t3 with-unit-price">
                <span class="value">2</span>
                <span class="cents">99</span>
                <span class="eur">€</span>
                <span class="unit-price">37.38 €/kg</span>            </div>
            
    <span class="vline"></span>
</div>                    		
        
        
        <div class="tags tags_primary bottom_icons">
                                                            
                                <div data-alt="Atlaide ar PALDIES karti" class="tag tag-soap-2 " style="background-image: url('/uploads/sale/atlaide-ar-paldies-karti-7358.png');                     ">
                </div>
                                                                            
                                <div data-alt="Prece pieejama MAXIMA XX veikalos" class="tag tag-soap-3 tag-shops" style="background-image: url('/uploads/sale/piedavajums-speka-maxima-xx-veikalos-6057.png');                     ">
                </div>
                                                                            
                                <div data-alt="Prece pieejama MAXIMA XXX veikalos" class="tag tag-soap-4 tag-shops" style="background-image: url('/uploads/sale/piedavajums-speka-maxima-xxx-veikalos-3117.png');                     ">
                </div>
                                                                            
                                <div data-alt="Trendi" class="tag tag-soap-62 " style="background-image: url('/uploads/sale/trendi-7759.png');                     ">
                </div>
                            
                    </div>
        <div class="tags tags_primary info_icon">
            
    <div data-alt="Preču piedāvājums atšķirīgs Maxima veikalos, ar aktuālo akcijas preču piedāvājumu aicinām iepazīties uz vietas veikalā!" class="tag i"></div>

        </div>

        <div class="info-notice">
            


                                                                                                                                    </div>

        <div class="img">
          <img alt="Sāļā uzkoda Ch.Morel Mushroom PRINGLES 80g" src="/uploads/sale/2026/sales_page/01/29//sala-uzkoda-ch-morel-mushroom-pringles-80g-00244-0129083525.png?1769668525">
        </div>
        <div class="text paldies-card      ">
            <div class="title">Sāļā uzkoda Ch.Morel Mushroom PRINGLES 80g</div>
            <div class="pack">
                <span class="ptitle"></span>
                <span class="price"> 37.38 €/kg</span>
            </div>
                    </div>
        <div class="infopop">
            <div class="in"><span></span>
                <div class="arrow_top"></div>
                <div class="arrow_bottom"></div>
            </div>
        </div>
    </div>
</div><div class="col-third offer-item">
    <div class="item bl_shadow product-242464 paldies-card  offer-2-l-sp-sku units-price        " data-product-id="242464" data-timeout="84" data-dates-interval="28.01. - 06.05.2026." tabindex="0" role="button">
                                                    <div class="discount price with-unit-price ">
                                                                            <div class="paldies-card-icon with-unit-price">
                        <img src="/images/front/icons/paldies2-icon.png" alt="Paldies">
                    </div>
                                                                                                                                
                    <div class="t1 with-unit-price paldies-card">
            <span class="value">1</span>
            <span class="cents">99</span>
            <span class="eur">€</span>
            <span class="unit-price">24.88 €/kg</span>
        </div>
                    <div class="t2">
                <span class="value">2,99</span>
                <span class="eur">€</span>
            </div>
            <div class="t3 with-unit-price">
                <span class="value">2</span>
                <span class="cents">99</span>
                <span class="eur">€</span>
                <span class="unit-price">37.38 €/kg</span>            </div>
            
    <span class="vline"></span>
</div>                    		
        
        
        <div class="tags tags_primary bottom_icons">
                                                            
                                <div data-alt="Atlaide ar PALDIES karti" class="tag tag-soap-2 " style="background-image: url('/uploads/sale/atlaide-ar-paldies-karti-7358.png');                     ">
                </div>
                                                                            
                                <div data-alt="Prece pieejama MAXIMA XX veikalos" class="tag tag-soap-3 tag-shops" style="background-image: url('/uploads/sale/piedavajums-speka-maxima-xx-veikalos-6057.png');                     ">
                </div>
                                                                            
                                <div data-alt="Prece pieejama MAXIMA XXX veikalos" class="tag tag-soap-4 tag-shops" style="background-image: url('/uploads/sale/piedavajums-speka-maxima-xxx-veikalos-3117.png');                     ">
                </div>
                                                                            
                                <div data-alt="Trendi" class="tag tag-soap-62 " style="background-image: url('/uploads/sale/trendi-7759.png');                     ">
                </div>
                            
                    </div>
        <div class="tags tags_primary info_icon">
            
    <div data-alt="Preču piedāvājums atšķirīgs Maxima veikalos, ar aktuālo akcijas preču piedāvājumu aicinām iepazīties uz vietas veikalā!" class="tag i"></div>

        </div>

        <div class="info-notice">
            


                                                                                                                                    </div>

        <div class="img">
          <img alt="Sāļā uzkoda PRINGLES Bl.Truffl.Potat.80g" src="/uploads/sale/2026/sales_page/01/29//sala-uzkoda-pringles-bl-truffl-potat-80g-00245-0129083525.png?1769668525">
        </div>
        <div class="text paldies-card      ">
            <div class="title">Sāļā uzkoda PRINGLES Bl.Truffl.Potat.80g</div>
            <div class="pack">
                <span class="ptitle"></span>
                <span class="price"> 37.38 €/kg</span>
            </div>
                    </div>
        <div class="infopop">
            <div class="in"><span></span>
                <div class="arrow_top"></div>
                <div class="arrow_bottom"></div>
            </div>
        </div>
    </div>
</div><div class="col-third offer-item">
    <div class="item bl_shadow product-242465 paldies-card  offer-2-l-sp-sku units-price        " data-product-id="242465" data-timeout="84" data-dates-interval="28.01. - 06.05.2026." tabindex="0" role="button">
                                                    <div class="discount price with-unit-price ">
                                                                            <div class="paldies-card-icon with-unit-price">
                        <img src="/images/front/icons/paldies2-icon.png" alt="Paldies">
                    </div>
                                                                                                                                                                
                    <div class="t1 with-unit-price paldies-card">
            <span class="value">1</span>
            <span class="cents">79</span>
            <span class="eur">€</span>
            <span class="unit-price">3.58 €/l</span>
        </div>
                    <div class="t2">
                <span class="value">2,49</span>
                <span class="eur">€</span>
            </div>
            <div class="t3 with-unit-price">
                <span class="value">2</span>
                <span class="cents">49</span>
                <span class="eur">€</span>
                <span class="unit-price">4.98 €/l</span>            </div>
            
    <span class="vline"></span>
</div>                    		
        
        
        <div class="tags tags_primary bottom_icons">
                                                            
                                <div data-alt="Atlaide ar PALDIES karti" class="tag tag-soap-2 " style="background-image: url('/uploads/sale/atlaide-ar-paldies-karti-7358.png');                     ">
                </div>
                                                                            
                                <div data-alt="Prece pieejama MAXIMA XX veikalos" class="tag tag-soap-3 tag-shops" style="background-image: url('/uploads/sale/piedavajums-speka-maxima-xx-veikalos-6057.png');                     ">
                </div>
                                                                            
                                <div data-alt="Prece pieejama MAXIMA XXX veikalos" class="tag tag-soap-4 tag-shops" style="background-image: url('/uploads/sale/piedavajums-speka-maxima-xxx-veikalos-3117.png');                     ">
                </div>
                                                                            
                                <div data-alt="+10 centi depozīta maksa" class="tag tag-soap-9 " style="background-image: url('/uploads/sale/10-centi-depozita-maksa-3937.png');                     ">
                </div>
                                                                            
                                <div data-alt="Trendi" class="tag tag-soap-62 " style="background-image: url('/uploads/sale/trendi-7759.png');                     ">
                </div>
                            
                    </div>
        <div class="tags tags_primary info_icon">
            
    <div data-alt="Preču piedāvājums atšķirīgs Maxima veikalos, ar aktuālo akcijas preču piedāvājumu aicinām iepazīties uz vietas veikalā!" class="tag i"></div>

        </div>

        <div class="info-notice">
            


                                                                                                                                                                </div>

        <div class="img">
          <img alt="Zemeņu dzēriens OKF Jelly Chew 0,5L D" src="/uploads/sale/2026/sales_page/01/29//zemenu-dzeriens-okf-jelly-chew-0-5l-d-00246-0129083525.png?1769668525">
        </div>
        <div class="text paldies-card      ">
            <div class="title">Zemeņu dzēriens OKF Jelly Chew 0,5L D</div>
            <div class="pack">
                <span class="ptitle"></span>
                <span class="price"> 4.98 €/l</span>
            </div>
                    </div>
        <div class="infopop">
            <div class="in"><span></span>
                <div class="arrow_top"></div>
                <div class="arrow_bottom"></div>
            </div>
        </div>
    </div>
</div><div class="col-third offer-item">
    <div class="item bl_shadow product-242453 paldies-card  offer-2-l-sp-sku units-price        " data-product-id="242453" data-timeout="84" data-dates-interval="28.01. - 06.05.2026." tabindex="0" role="button">
                                                    <div class="discount price with-unit-price ">
                                                                            <div class="paldies-card-icon with-unit-price">
                        <img src="/images/front/icons/paldies2-icon.png" alt="Paldies">
                    </div>
                                                                                                                                                                
                    <div class="t1 with-unit-price paldies-card">
            <span class="value">1</span>
            <span class="cents">79</span>
            <span class="eur">€</span>
            <span class="unit-price">3.58 €/l</span>
        </div>
                    <div class="t2">
                <span class="value">2,49</span>
                <span class="eur">€</span>
            </div>
            <div class="t3 with-unit-price">
                <span class="value">2</span>
                <span class="cents">49</span>
                <span class="eur">€</span>
                <span class="unit-price">4.98 €/l</span>            </div>
            
    <span class="vline"></span>
</div>                    		
        
        
        <div class="tags tags_primary bottom_icons">
                                                            
                                <div data-alt="Atlaide ar PALDIES karti" class="tag tag-soap-2 " style="background-image: url('/uploads/sale/atlaide-ar-paldies-karti-7358.png');                     ">
                </div>
                                                                            
                                <div data-alt="Prece pieejama MAXIMA XX veikalos" class="tag tag-soap-3 tag-shops" style="background-image: url('/uploads/sale/piedavajums-speka-maxima-xx-veikalos-6057.png');                     ">
                </div>
                                                                            
                                <div data-alt="Prece pieejama MAXIMA XXX veikalos" class="tag tag-soap-4 tag-shops" style="background-image: url('/uploads/sale/piedavajums-speka-maxima-xxx-veikalos-3117.png');                     ">
                </div>
                                                                            
                                <div data-alt="+10 centi depozīta maksa" class="tag tag-soap-9 " style="background-image: url('/uploads/sale/10-centi-depozita-maksa-3937.png');                     ">
                </div>
                                                                            
                                <div data-alt="Trendi" class="tag tag-soap-62 " style="background-image: url('/uploads/sale/trendi-7759.png');                     ">
                </div>
                            
                    </div>
        <div class="tags tags_primary info_icon">
            
    <div data-alt="Preču piedāvājums atšķirīgs Maxima veikalos, ar aktuālo akcijas preču piedāvājumu aicinām iepazīties uz vietas veikalā!" class="tag i"></div>

        </div>

        <div class="info-notice">
            


                                                                                                                                                                </div>

        <div class="img">
          <img alt="Ananasu dzēriens OKF Jelly Chew 0,5L D" src="/uploads/sale/2026/sales_page/01/29//ananasu-dzeriens-okf-jelly-chew-0-5l-d-00247-0129083523.png?1769668523">
        </div>
        <div class="text paldies-card      ">
            <div class="title">Ananasu dzēriens OKF Jelly Chew 0,5L D</div>
            <div class="pack">
                <span class="ptitle"></span>
                <span class="price"> 4.98 €/l</span>
            </div>
                    </div>
        <div class="infopop">
            <div class="in"><span></span>
                <div class="arrow_top"></div>
                <div class="arrow_bottom"></div>
            </div>
        </div>
    </div>
</div><div class="col-third offer-item">
    <div class="item bl_shadow product-242454 paldies-card  offer-2-l-sp-sku units-price        " data-product-id="242454" data-timeout="84" data-dates-interval="28.01. - 06.05.2026." tabindex="0" role="button">
                                                    <div class="discount price with-unit-price ">
                                                                            <div class="paldies-card-icon with-unit-price">
                        <img src="/images/front/icons/paldies2-icon.png" alt="Paldies">
                    </div>
                                                                                                                                                                
                    <div class="t1 with-unit-price paldies-card">
            <span class="value">1</span>
            <span class="cents">79</span>
            <span class="eur">€</span>
            <span class="unit-price">3.58 €/l</span>
        </div>
                    <div class="t2">
                <span class="value">2,49</span>
                <span class="eur">€</span>
            </div>
            <div class="t3 with-unit-price">
                <span class="value">2</span>
                <span class="cents">49</span>
                <span class="eur">€</span>
                <span class="unit-price">4.98 €/l</span>            </div>
            
    <span class="vline"></span>
</div>                    		
        
        
        <div class="tags tags_primary bottom_icons">
                                                            
                                <div data-alt="Atlaide ar PALDIES karti" class="tag tag-soap-2 " style="background-image: url('/uploads/sale/atlaide-ar-paldies-karti-7358.png');                     ">
                </div>
                                                                            
                                <div data-alt="Prece pieejama MAXIMA XX veikalos" class="tag tag-soap-3 tag-shops" style="background-image: url('/uploads/sale/piedavajums-speka-maxima-xx-veikalos-6057.png');                     ">
                </div>
                                                                            
                                <div data-alt="Prece pieejama MAXIMA XXX veikalos" class="tag tag-soap-4 tag-shops" style="background-image: url('/uploads/sale/piedavajums-speka-maxima-xxx-veikalos-3117.png');                     ">
                </div>
                                                                            
                                <div data-alt="+10 centi depozīta maksa" class="tag tag-soap-9 " style="background-image: url('/uploads/sale/10-centi-depozita-maksa-3937.png');                     ">
                </div>
                                                                            
                                <div data-alt="Trendi" class="tag tag-soap-62 " style="background-image: url('/uploads/sale/trendi-7759.png');                     ">
                </div>
                            
                    </div>
        <div class="tags tags_primary info_icon">
            
    <div data-alt="Preču piedāvājums atšķirīgs Maxima veikalos, ar aktuālo akcijas preču piedāvājumu aicinām iepazīties uz vietas veikalā!" class="tag i"></div>

        </div>

        <div class="info-notice">
            


                                                                                                                                                                </div>

        <div class="img">
          <img alt="Persiku dzēriens OKF Jelly Chew 0,5L D" src="/uploads/sale/2026/sales_page/01/29//persiku-dzeriens-okf-jelly-chew-0-5l-d-00248-0129083523.png?1769668523">
        </div>
        <div class="text paldies-card      ">
            <div class="title">Persiku dzēriens OKF Jelly Chew 0,5L D</div>
            <div class="pack">
                <span class="ptitle"></span>
                <span class="price"> 4.98 €/l</span>
            </div>
                    </div>
        <div class="infopop">
            <div class="in"><span></span>
                <div class="arrow_top"></div>
                <div class="arrow_bottom"></div>
            </div>
        </div>
    </div>
</div><div class="col-third offer-item">
    <div class="item bl_shadow product-242455 paldies-card  offer-2-l-sp-sku units-price        " data-product-id="242455" data-timeout="70" data-dates-interval="28.01. - 22.04.2026." tabindex="0" role="button">
                                                    <div class="discount price with-unit-price ">
                                                                            <div class="paldies-card-icon with-unit-price">
                        <img src="/images/front/icons/paldies2-icon.png" alt="Paldies">
                    </div>
                                                                                                                                                                
                    <div class="t1 with-unit-price paldies-card">
            <span class="value">0</span>
            <span class="cents">99</span>
            <span class="eur">€</span>
            <span class="unit-price">4.95 €/kg</span>
        </div>
                    <div class="t2">
                <span class="value">1,29</span>
                <span class="eur">€</span>
            </div>
            <div class="t3 with-unit-price">
                <span class="value">1</span>
                <span class="cents">29</span>
                <span class="eur">€</span>
                <span class="unit-price">6.45 €/kg</span>            </div>
            
    <span class="vline"></span>
</div>                    		
        
        
        <div class="tags tags_primary bottom_icons">
                                                            
                                <div data-alt="Atlaide ar PALDIES karti" class="tag tag-soap-2 " style="background-image: url('/uploads/sale/atlaide-ar-paldies-karti-7358.png');                     ">
                </div>
                                                                            
                                <div data-alt="Prece pieejama MAXIMA XX veikalos" class="tag tag-soap-3 tag-shops" style="background-image: url('/uploads/sale/piedavajums-speka-maxima-xx-veikalos-6057.png');                     ">
                </div>
                                                                            
                                <div data-alt="Prece pieejama MAXIMA XXX veikalos" class="tag tag-soap-4 tag-shops" style="background-image: url('/uploads/sale/piedavajums-speka-maxima-xxx-veikalos-3117.png');                     ">
                </div>
                                                                            
                                <div data-alt="Latvijas produkts" class="tag tag-soap-6 " style="background-image: url('/uploads/sale/latvijas-produkts-3559.png');                     ">
                </div>
                                                                            
                                <div data-alt="Trendi" class="tag tag-soap-62 " style="background-image: url('/uploads/sale/trendi-7759.png');                     ">
                </div>
                            
                    </div>
        <div class="tags tags_primary info_icon">
            
    <div data-alt="Preču piedāvājums atšķirīgs Maxima veikalos, ar aktuālo akcijas preču piedāvājumu aicinām iepazīties uz vietas veikalā!" class="tag i"></div>

        </div>

        <div class="info-notice">
            


                                                                                                                                                                </div>

        <div class="img">
          <img alt="Ķiršu jogurts Protein LAKTO 200g" src="/uploads/sale/2026/sales_page/01/29//kirsu-jogurts-protein-lakto-200g-00249-0129083523.png?1769668523">
        </div>
        <div class="text paldies-card      ">
            <div class="title">Ķiršu jogurts Protein LAKTO 200g</div>
            <div class="pack">
                <span class="ptitle"></span>
                <span class="price"> 6.45 €/kg</span>
            </div>
                    </div>
        <div class="infopop">
            <div class="in"><span></span>
                <div class="arrow_top"></div>
                <div class="arrow_bottom"></div>
            </div>
        </div>
    </div>
</div><div class="col-third offer-item">
    <div class="item bl_shadow product-242456 paldies-card  offer-2-l-sp-sku units-price        " data-product-id="242456" data-timeout="70" data-dates-interval="28.01. - 22.04.2026." tabindex="0" role="button">
                                                    <div class="discount price with-unit-price ">
                                                                            <div class="paldies-card-icon with-unit-price">
                        <img src="/images/front/icons/paldies2-icon.png" alt="Paldies">
                    </div>
                                                                
                    <div class="t1 with-unit-price paldies-card">
            <span class="value">0</span>
            <span class="cents">99</span>
            <span class="eur">€</span>
            <span class="unit-price">4.95 €/kg</span>
        </div>
                    <div class="t2">
                <span class="value">1,29</span>
                <span class="eur">€</span>
            </div>
            <div class="t3 with-unit-price">
                <span class="value">1</span>
                <span class="cents">29</span>
                <span class="eur">€</span>
                <span class="unit-price">6.45 €/kg</span>            </div>
            
    <span class="vline"></span>
</div>                    		
        
        
        <div class="tags tags_primary bottom_icons">
                                                            
                                <div data-alt="Atlaide ar PALDIES karti" class="tag tag-soap-2 " style="background-image: url('/uploads/sale/atlaide-ar-paldies-karti-7358.png');                     ">
                </div>
                                                                            
                                <div data-alt="Trendi" class="tag tag-soap-62 " style="background-image: url('/uploads/sale/trendi-7759.png');                     ">
                </div>
                            
                    </div>
        <div class="tags tags_primary info_icon">
            
    <div data-alt="Preču piedāvājums atšķirīgs Maxima veikalos, ar aktuālo akcijas preču piedāvājumu aicinām iepazīties uz vietas veikalā!" class="tag i"></div>

        </div>

        <div class="info-notice">
            


                                                                            </div>

        <div class="img">
          <img alt="Aveņu-sēklu jogurts Protein LAKTO 200g" src="/uploads/sale/2026/sales_page/01/29//avenu-seklu-jogurts-protein-lakto-200g-00250-0129083523.png?1769668523">
        </div>
        <div class="text paldies-card      ">
            <div class="title">Aveņu-sēklu jogurts Protein LAKTO 200g</div>
            <div class="pack">
                <span class="ptitle"></span>
                <span class="price"> 6.45 €/kg</span>
            </div>
                    </div>
        <div class="infopop">
            <div class="in"><span></span>
                <div class="arrow_top"></div>
                <div class="arrow_bottom"></div>
            </div>
        </div>
    </div>
</div><div class="col-third offer-item">
    <div class="item bl_shadow product-242493 paldies-card  offer-2-l-sp-sku units-price        " data-product-id="242493" data-timeout="84" data-dates-interval="28.01. - 06.05.2026." tabindex="0" role="button">
                                                    <div class="discount price with-unit-price ">
                                                                            <div class="paldies-card-icon with-unit-price">
                        <img src="/images/front/icons/paldies2-icon.png" alt="Paldies">
                    </div>
                                                                                                                                
                    <div class="t1 with-unit-price paldies-card">
            <span class="value">4</span>
            <span class="cents">99</span>
            <span class="eur">€</span>
            <span class="unit-price">49.90 €/kg</span>
        </div>
                    <div class="t2">
                <span class="value">5,79</span>
                <span class="eur">€</span>
            </div>
            <div class="t3 with-unit-price">
                <span class="value">5</span>
                <span class="cents">79</span>
                <span class="eur">€</span>
                <span class="unit-price">57.90 €/kg</span>            </div>
            
    <span class="vline"></span>
</div>                    		
        
        
        <div class="tags tags_primary bottom_icons">
                                                            
                                <div data-alt="Atlaide ar PALDIES karti" class="tag tag-soap-2 " style="background-image: url('/uploads/sale/atlaide-ar-paldies-karti-7358.png');                     ">
                </div>
                                                                            
                                <div data-alt="Prece pieejama MAXIMA XX veikalos" class="tag tag-soap-3 tag-shops" style="background-image: url('/uploads/sale/piedavajums-speka-maxima-xx-veikalos-6057.png');                     ">
                </div>
                                                                            
                                <div data-alt="Prece pieejama MAXIMA XXX veikalos" class="tag tag-soap-4 tag-shops" style="background-image: url('/uploads/sale/piedavajums-speka-maxima-xxx-veikalos-3117.png');                     ">
                </div>
                                                                            
                                <div data-alt="Trendi" class="tag tag-soap-62 " style="background-image: url('/uploads/sale/trendi-7759.png');                     ">
                </div>
                            
                    </div>
        <div class="tags tags_primary info_icon">
            
    <div data-alt="Preču piedāvājums atšķirīgs Maxima veikalos, ar aktuālo akcijas preču piedāvājumu aicinām iepazīties uz vietas veikalā!" class="tag i"></div>

        </div>

        <div class="info-notice">
            


                                                                                                                                    </div>

        <div class="img">
          <img alt="Plānās sausmaizītes melnās CHERCHI 100g" src="/uploads/sale/2026/sales_page/01/29//planas-sausmaizites-melnas-cherchi-100g-00236-0202142524.png?1770035124">
        </div>
        <div class="text paldies-card      ">
            <div class="title">Plānās sausmaizītes melnās CHERCHI 100g</div>
            <div class="pack">
                <span class="ptitle"></span>
                <span class="price"> 57.90 €/kg</span>
            </div>
                    </div>
        <div class="infopop">
            <div class="in"><span></span>
                <div class="arrow_top"></div>
                <div class="arrow_bottom"></div>
            </div>
        </div>
    </div>
</div><div class="col-third offer-item">
    <div class="item bl_shadow product-242494 paldies-card  offer-2-l-sp-sku units-price        " data-product-id="242494" data-timeout="84" data-dates-interval="28.01. - 06.05.2026." tabindex="0" role="button">
                                                    <div class="discount price with-unit-price ">
                                                                            <div class="paldies-card-icon with-unit-price">
                        <img src="/images/front/icons/paldies2-icon.png" alt="Paldies">
                    </div>
                                                                                                                                
                    <div class="t1 with-unit-price paldies-card">
            <span class="value">2</span>
            <span class="cents">49</span>
            <span class="eur">€</span>
            <span class="unit-price">23.71 €/kg</span>
        </div>
                    <div class="t2">
                <span class="value">3,49</span>
                <span class="eur">€</span>
            </div>
            <div class="t3 with-unit-price">
                <span class="value">3</span>
                <span class="cents">49</span>
                <span class="eur">€</span>
                <span class="unit-price">33.24 €/kg</span>            </div>
            
    <span class="vline"></span>
</div>                    		
        
        
        <div class="tags tags_primary bottom_icons">
                                                            
                                <div data-alt="Atlaide ar PALDIES karti" class="tag tag-soap-2 " style="background-image: url('/uploads/sale/atlaide-ar-paldies-karti-7358.png');                     ">
                </div>
                                                                            
                                <div data-alt="Prece pieejama MAXIMA XX veikalos" class="tag tag-soap-3 tag-shops" style="background-image: url('/uploads/sale/piedavajums-speka-maxima-xx-veikalos-6057.png');                     ">
                </div>
                                                                            
                                <div data-alt="Prece pieejama MAXIMA XXX veikalos" class="tag tag-soap-4 tag-shops" style="background-image: url('/uploads/sale/piedavajums-speka-maxima-xxx-veikalos-3117.png');                     ">
                </div>
                                                                            
                                <div data-alt="Trendi" class="tag tag-soap-62 " style="background-image: url('/uploads/sale/trendi-7759.png');                     ">
                </div>
                            
                    </div>
        <div class="tags tags_primary info_icon">
            
    <div data-alt="Preču piedāvājums atšķirīgs Maxima veikalos, ar aktuālo akcijas preču piedāvājumu aicinām iepazīties uz vietas veikalā!" class="tag i"></div>

        </div>

        <div class="info-notice">
            


                                                                                                                                    </div>

        <div class="img">
          <img alt="Ātri pagatavojamās nūdeles ar sēņu garšu Tangle SAMYANG 105g" src="/uploads/sale/2026/sales_page/01/29//atri-pagatavojamas-nudeles-ar-senu-garsu-tangle-samyang-105g-00237-0129083530.png?1769668530">
        </div>
        <div class="text paldies-card      ">
            <div class="title">Ātri pagatavojamās nūdeles ar sēņu garšu Tangle SAMYANG 105g</div>
            <div class="pack">
                <span class="ptitle"></span>
                <span class="price"> 33.24 €/kg</span>
            </div>
                    </div>
        <div class="infopop">
            <div class="in"><span></span>
                <div class="arrow_top"></div>
                <div class="arrow_bottom"></div>
            </div>
        </div>
    </div>
</div><div class="col-third offer-item">
    <div class="item bl_shadow product-242495 paldies-card  offer-2-l-sp-sku units-price        " data-product-id="242495" data-timeout="84" data-dates-interval="28.01. - 06.05.2026." tabindex="0" role="button">
                                                    <div class="discount price with-unit-price ">
                                                                            <div class="paldies-card-icon with-unit-price">
                        <img src="/images/front/icons/paldies2-icon.png" alt="Paldies">
                    </div>
                                                                                                                                
                    <div class="t1 with-unit-price paldies-card">
            <span class="value">2</span>
            <span class="cents">49</span>
            <span class="eur">€</span>
            <span class="unit-price">23.06 €/kg</span>
        </div>
                    <div class="t2">
                <span class="value">3,49</span>
                <span class="eur">€</span>
            </div>
            <div class="t3 with-unit-price">
                <span class="value">3</span>
                <span class="cents">49</span>
                <span class="eur">€</span>
                <span class="unit-price">32.31 €/kg</span>            </div>
            
    <span class="vline"></span>
</div>                    		
        
        
        <div class="tags tags_primary bottom_icons">
                                                            
                                <div data-alt="Atlaide ar PALDIES karti" class="tag tag-soap-2 " style="background-image: url('/uploads/sale/atlaide-ar-paldies-karti-7358.png');                     ">
                </div>
                                                                            
                                <div data-alt="Prece pieejama MAXIMA XX veikalos" class="tag tag-soap-3 tag-shops" style="background-image: url('/uploads/sale/piedavajums-speka-maxima-xx-veikalos-6057.png');                     ">
                </div>
                                                                            
                                <div data-alt="Prece pieejama MAXIMA XXX veikalos" class="tag tag-soap-4 tag-shops" style="background-image: url('/uploads/sale/piedavajums-speka-maxima-xxx-veikalos-3117.png');                     ">
                </div>
                                                                            
                                <div data-alt="Trendi" class="tag tag-soap-62 " style="background-image: url('/uploads/sale/trendi-7759.png');                     ">
                </div>
                            
                    </div>
        <div class="tags tags_primary info_icon">
            
    <div data-alt="Preču piedāvājums atšķirīgs Maxima veikalos, ar aktuālo akcijas preču piedāvājumu aicinām iepazīties uz vietas veikalā!" class="tag i"></div>

        </div>

        <div class="info-notice">
            


                                                                                                                                    </div>

        <div class="img">
          <img alt="Ātri pagatavojamās nūdeles Bulgogi Tangle SAMYANG 105g" src="/uploads/sale/2026/sales_page/01/29//atri-pagatavojamas-nudeles-bulgogi-tangle-samyang-105g-00238-0129083530.png?1769668530">
        </div>
        <div class="text paldies-card      ">
            <div class="title">Ātri pagatavojamās nūdeles Bulgogi Tangle SAMYANG 105g</div>
            <div class="pack">
                <span class="ptitle"></span>
                <span class="price"> 32.31 €/kg</span>
            </div>
                    </div>
        <div class="infopop">
            <div class="in"><span></span>
                <div class="arrow_top"></div>
                <div class="arrow_bottom"></div>
            </div>
        </div>
    </div>
</div><div class="col-third offer-item">
    <div class="item bl_shadow product-242458 paldies-card  offer-2-l-sp-sku units-price        " data-product-id="242458" data-timeout="84" data-dates-interval="28.01. - 06.05.2026." tabindex="0" role="button">
                                                    <div class="discount price with-unit-price ">
                                                                            <div class="paldies-card-icon with-unit-price">
                        <img src="/images/front/icons/paldies2-icon.png" alt="Paldies">
                    </div>
                                                                                                                                
                    <div class="t1 with-unit-price paldies-card">
            <span class="value">2</span>
            <span class="cents">49</span>
            <span class="eur">€</span>
            <span class="unit-price">24.90 €/kg</span>
        </div>
                    <div class="t2">
                <span class="value">3,49</span>
                <span class="eur">€</span>
            </div>
            <div class="t3 with-unit-price">
                <span class="value">3</span>
                <span class="cents">49</span>
                <span class="eur">€</span>
                <span class="unit-price">34.90 €/kg</span>            </div>
            
    <span class="vline"></span>
</div>                    		
        
        
        <div class="tags tags_primary bottom_icons">
                                                            
                                <div data-alt="Atlaide ar PALDIES karti" class="tag tag-soap-2 " style="background-image: url('/uploads/sale/atlaide-ar-paldies-karti-7358.png');                     ">
                </div>
                                                                            
                                <div data-alt="Prece pieejama MAXIMA XX veikalos" class="tag tag-soap-3 tag-shops" style="background-image: url('/uploads/sale/piedavajums-speka-maxima-xx-veikalos-6057.png');                     ">
                </div>
                                                                            
                                <div data-alt="Prece pieejama MAXIMA XXX veikalos" class="tag tag-soap-4 tag-shops" style="background-image: url('/uploads/sale/piedavajums-speka-maxima-xxx-veikalos-3117.png');                     ">
                </div>
                                                                            
                                <div data-alt="Trendi" class="tag tag-soap-62 " style="background-image: url('/uploads/sale/trendi-7759.png');                     ">
                </div>
                            
                    </div>
        <div class="tags tags_primary info_icon">
            
    <div data-alt="Preču piedāvājums atšķirīgs Maxima veikalos, ar aktuālo akcijas preču piedāvājumu aicinām iepazīties uz vietas veikalā!" class="tag i"></div>

        </div>

        <div class="info-notice">
            


                                                                                                                                    </div>

        <div class="img">
          <img alt="Ātri pagatavojamās nūdeles ar ķiploku garšu Tangle SAMYANG 100g" src="/uploads/sale/2026/sales_page/01/29//atri-pagatavojamas-nudeles-ar-kiploku-garsu-tangle-samyang-100g-00239-0129083525.png?1769668525">
        </div>
        <div class="text paldies-card      ">
            <div class="title">Ātri pagatavojamās nūdeles ar ķiploku garšu Tangle SAMYANG 100g</div>
            <div class="pack">
                <span class="ptitle"></span>
                <span class="price"> 34.90 €/kg</span>
            </div>
                    </div>
        <div class="infopop">
            <div class="in"><span></span>
                <div class="arrow_top"></div>
                <div class="arrow_bottom"></div>
            </div>
        </div>
    </div>
</div><div class="col-third offer-item">
    <div class="item bl_shadow product-242459 paldies-card  offer-2-l-sp-sku units-price        " data-product-id="242459" data-timeout="84" data-dates-interval="28.01. - 06.05.2026." tabindex="0" role="button">
                                                    <div class="discount price with-unit-price ">
                                                                            <div class="paldies-card-icon with-unit-price">
                        <img src="/images/front/icons/paldies2-icon.png" alt="Paldies">
                    </div>
                                                                                                                                                                
                    <div class="t1 with-unit-price paldies-card">
            <span class="value">6</span>
            <span class="cents">99</span>
            <span class="eur">€</span>
            <span class="unit-price">9.99 €/kg</span>
        </div>
                    <div class="t2">
                <span class="value">9,99</span>
                <span class="eur">€</span>
            </div>
            <div class="t3 with-unit-price">
                <span class="value">9</span>
                <span class="cents">99</span>
                <span class="eur">€</span>
                <span class="unit-price">14.27 €/kg</span>            </div>
            
    <span class="vline"></span>
</div>                    		
        
        
        <div class="tags tags_primary bottom_icons">
                                                            
                                <div data-alt="Atlaide ar PALDIES karti" class="tag tag-soap-2 " style="background-image: url('/uploads/sale/atlaide-ar-paldies-karti-7358.png');                     ">
                </div>
                                                                            
                                <div data-alt="Prece pieejama MAXIMA XX veikalos" class="tag tag-soap-3 tag-shops" style="background-image: url('/uploads/sale/piedavajums-speka-maxima-xx-veikalos-6057.png');                     ">
                </div>
                                                                            
                                <div data-alt="Prece pieejama MAXIMA XXX veikalos" class="tag tag-soap-4 tag-shops" style="background-image: url('/uploads/sale/piedavajums-speka-maxima-xxx-veikalos-3117.png');                     ">
                </div>
                                                                            
                                <div data-alt="Saldēts produkts" class="tag tag-soap-11 " style="background-image: url('/uploads/sale/saldets-produkts-4932.png');                     ">
                </div>
                                                                            
                                <div data-alt="Trendi" class="tag tag-soap-62 " style="background-image: url('/uploads/sale/trendi-7759.png');                     ">
                </div>
                            
                    </div>
        <div class="tags tags_primary info_icon">
            
    <div data-alt="Preču piedāvājums atšķirīgs Maxima veikalos, ar aktuālo akcijas preču piedāvājumu aicinām iepazīties uz vietas veikalā!" class="tag i"></div>

        </div>

        <div class="info-notice">
            


                                                                                                                                                                </div>

        <div class="img">
          <img alt="Saldēti asie vistas pelmeņi BULDAK 700g" src="/uploads/sale/2026/sales_page/01/29//saldeti-asie-vistas-pelmeni-buldak-700g-00240-0129083525.png?1769668525">
        </div>
        <div class="text paldies-card      ">
            <div class="title">Saldēti asie vistas pelmeņi BULDAK 700g</div>
            <div class="pack">
                <span class="ptitle"></span>
                <span class="price"> 14.27 €/kg</span>
            </div>
                    </div>
        <div class="infopop">
            <div class="in"><span></span>
                <div class="arrow_top"></div>
                <div class="arrow_bottom"></div>
            </div>
        </div>
    </div>
</div><div class="col-third offer-item">
    <div class="item bl_shadow product-242460 paldies-card  offer-2-l-sp-sku units-price        " data-product-id="242460" data-timeout="84" data-dates-interval="28.01. - 06.05.2026." tabindex="0" role="button">
                                                    <div class="discount price with-unit-price ">
                                                                            <div class="paldies-card-icon with-unit-price">
                        <img src="/images/front/icons/paldies2-icon.png" alt="Paldies">
                    </div>
                                                                
                    <div class="t1 with-unit-price paldies-card">
            <span class="value">1</span>
            <span class="cents">69</span>
            <span class="eur">€</span>
            <span class="unit-price">3.38 €/l</span>
        </div>
                    <div class="t2">
                <span class="value">2,99</span>
                <span class="eur">€</span>
            </div>
            <div class="t3 with-unit-price">
                <span class="value">2</span>
                <span class="cents">99</span>
                <span class="eur">€</span>
                <span class="unit-price">5.98 €/l</span>            </div>
            
    <span class="vline"></span>
</div>                    		
        
        
        <div class="tags tags_primary bottom_icons">
                                                            
                                <div data-alt="Atlaide ar PALDIES karti" class="tag tag-soap-2 " style="background-image: url('/uploads/sale/atlaide-ar-paldies-karti-7358.png');                     ">
                </div>
                                                                            
                                <div data-alt="Trendi" class="tag tag-soap-62 " style="background-image: url('/uploads/sale/trendi-7759.png');                     ">
                </div>
                            
                    </div>
        <div class="tags tags_primary info_icon">
            
    <div data-alt="Preču piedāvājums atšķirīgs Maxima veikalos, ar aktuālo akcijas preču piedāvājumu aicinām iepazīties uz vietas veikalā!" class="tag i"></div>

        </div>

        <div class="info-notice">
            


                                                                            </div>

        <div class="img">
          <img alt="Dzēriens Mochi Watermelon SOTI NATURAL 0,5L" src="/uploads/sale/2026/sales_page/01/29//dzeriens-mochi-watermelon-soti-natural-0-5l-00241-0129083525.png?1769668525">
        </div>
        <div class="text paldies-card      ">
            <div class="title">Dzēriens Mochi Watermelon SOTI NATURAL 0,5L</div>
            <div class="pack">
                <span class="ptitle"></span>
                <span class="price"> 5.98 €/l</span>
            </div>
                    </div>
        <div class="infopop">
            <div class="in"><span></span>
                <div class="arrow_top"></div>
                <div class="arrow_bottom"></div>
            </div>
        </div>
    </div>
</div><div class="col-third offer-item">
    <div class="item bl_shadow product-242461 paldies-card  offer-2-l-sp-sku units-price        " data-product-id="242461" data-timeout="84" data-dates-interval="28.01. - 06.05.2026." tabindex="0" role="button">
                                                    <div class="discount price with-unit-price ">
                                                                            <div class="paldies-card-icon with-unit-price">
                        <img src="/images/front/icons/paldies2-icon.png" alt="Paldies">
                    </div>
                                                                                                                                
                    <div class="t1 with-unit-price paldies-card">
            <span class="value">1</span>
            <span class="cents">69</span>
            <span class="eur">€</span>
            <span class="unit-price">3.38 €/l</span>
        </div>
                    <div class="t2">
                <span class="value">2,99</span>
                <span class="eur">€</span>
            </div>
            <div class="t3 with-unit-price">
                <span class="value">2</span>
                <span class="cents">99</span>
                <span class="eur">€</span>
                <span class="unit-price">5.98 €/l</span>            </div>
            
    <span class="vline"></span>
</div>                    		
        
        
        <div class="tags tags_primary bottom_icons">
                                                            
                                <div data-alt="Atlaide ar PALDIES karti" class="tag tag-soap-2 " style="background-image: url('/uploads/sale/atlaide-ar-paldies-karti-7358.png');                     ">
                </div>
                                                                            
                                <div data-alt="Prece pieejama MAXIMA XX veikalos" class="tag tag-soap-3 tag-shops" style="background-image: url('/uploads/sale/piedavajums-speka-maxima-xx-veikalos-6057.png');                     ">
                </div>
                                                                            
                                <div data-alt="Prece pieejama MAXIMA XXX veikalos" class="tag tag-soap-4 tag-shops" style="background-image: url('/uploads/sale/piedavajums-speka-maxima-xxx-veikalos-3117.png');                     ">
                </div>
                                                                            
                                <div data-alt="Trendi" class="tag tag-soap-62 " style="background-image: url('/uploads/sale/trendi-7759.png');                     ">
                </div>
                            
                    </div>
        <div class="tags tags_primary info_icon">
            
    <div data-alt="Preču piedāvājums atšķirīgs Maxima veikalos, ar aktuālo akcijas preču piedāvājumu aicinām iepazīties uz vietas veikalā!" class="tag i"></div>

        </div>

        <div class="info-notice">
            


                                                                                                                                    </div>

        <div class="img">
          <img alt="Dzēriens Mochi Mango-Matcha SOTI NATURAL 0,5L" src="/uploads/sale/2026/sales_page/01/29//dzeriens-mochi-mango-matcha-soti-natural-0-5l-00242-0129083525.png?1769668525">
        </div>
        <div class="text paldies-card      ">
            <div class="title">Dzēriens Mochi Mango-Matcha SOTI NATURAL 0,5L</div>
            <div class="pack">
                <span class="ptitle"></span>
                <span class="price"> 5.98 €/l</span>
            </div>
                    </div>
        <div class="infopop">
            <div class="in"><span></span>
                <div class="arrow_top"></div>
                <div class="arrow_bottom"></div>
            </div>
        </div>
    </div>
</div><div class="col-third offer-item">
    <div class="item bl_shadow product-242462 paldies-card  offer-2-l-sp-sku units-price        " data-product-id="242462" data-timeout="84" data-dates-interval="28.01. - 06.05.2026." tabindex="0" role="button">
                                                    <div class="discount price with-unit-price ">
                                                                            <div class="paldies-card-icon with-unit-price">
                        <img src="/images/front/icons/paldies2-icon.png" alt="Paldies">
                    </div>
                                                                                                                                
                    <div class="t1 with-unit-price paldies-card">
            <span class="value">1</span>
            <span class="cents">99</span>
            <span class="eur">€</span>
            <span class="unit-price">24.88 €/kg</span>
        </div>
                    <div class="t2">
                <span class="value">2,99</span>
                <span class="eur">€</span>
            </div>
            <div class="t3 with-unit-price">
                <span class="value">2</span>
                <span class="cents">99</span>
                <span class="eur">€</span>
                <span class="unit-price">37.38 €/kg</span>            </div>
            
    <span class="vline"></span>
</div>                    		
        
        
        <div class="tags tags_primary bottom_icons">
                                                            
                                <div data-alt="Atlaide ar PALDIES karti" class="tag tag-soap-2 " style="background-image: url('/uploads/sale/atlaide-ar-paldies-karti-7358.png');                     ">
                </div>
                                                                            
                                <div data-alt="Prece pieejama MAXIMA XX veikalos" class="tag tag-soap-3 tag-shops" style="background-image: url('/uploads/sale/piedavajums-speka-maxima-xx-veikalos-6057.png');                     ">
                </div>
                                                                            
                                <div data-alt="Prece pieejama MAXIMA XXX veikalos" class="tag tag-soap-4 tag-shops" style="background-image: url('/uploads/sale/piedavajums-speka-maxima-xxx-veikalos-3117.png');                     ">
                </div>
                                                                            
                                <div data-alt="Trendi" class="tag tag-soap-62 " style="background-image: url('/uploads/sale/trendi-7759.png');                     ">
                </div>
                            
                    </div>
        <div class="tags tags_primary info_icon">
            
    <div data-alt="Preču piedāvājums atšķirīgs Maxima veikalos, ar aktuālo akcijas preču piedāvājumu aicinām iepazīties uz vietas veikalā!" class="tag i"></div>

        </div>

        <div class="info-notice">
            


                                                                                                                                    </div>

        <div class="img">
          <img alt="Sāļā uzkoda Foie Gras Steak PRINGLES 80g" src="/uploads/sale/2026/sales_page/01/29//sala-uzkoda-foie-gras-steak-pringles-80g-00243-0129083525.png?1769668525">
        </div>
        <div class="text paldies-card      ">
            <div class="title">Sāļā uzkoda Foie Gras Steak PRINGLES 80g</div>
            <div class="pack">
                <span class="ptitle"></span>
                <span class="price"> 37.38 €/kg</span>
            </div>
                    </div>
        <div class="infopop">
            <div class="in"><span></span>
                <div class="arrow_top"></div>
                <div class="arrow_bottom"></div>
            </div>
        </div>
    </div>
</div><div class="col-third offer-item">
    <div class="item bl_shadow product-242463 paldies-card  offer-2-l-sp-sku units-price        " data-product-id="242463" data-timeout="84" data-dates-interval="28.01. - 06.05.2026." tabindex="0" role="button">
                                                    <div class="discount price with-unit-price ">
                                                                            <div class="paldies-card-icon with-unit-price">
                        <img src="/images/front/icons/paldies2-icon.png" alt="Paldies">
                    </div>
                                                                                                                                
                    <div class="t1 with-unit-price paldies-card">
            <span class="value">1</span>
            <span class="cents">99</span>
            <span class="eur">€</span>
            <span class="unit-price">24.88 €/kg</span>
        </div>
                    <div class="t2">
                <span class="value">2,99</span>
                <span class="eur">€</span>
            </div>
            <div class="t3 with-unit-price">
                <span class="value">2</span>
                <span class="cents">99</span>
                <span class="eur">€</span>
                <span class="unit-price">37.38 €/kg</span>            </div>
            
    <span class="vline"></span>
</div>                    		
        
        
        <div class="tags tags_primary bottom_icons">
                                                            
                                <div data-alt="Atlaide ar PALDIES karti" class="tag tag-soap-2 " style="background-image: url('/uploads/sale/atlaide-ar-paldies-karti-7358.png');                     ">
                </div>
                                                                            
                                <div data-alt="Prece pieejama MAXIMA XX veikalos" class="tag tag-soap-3 tag-shops" style="background-image: url('/uploads/sale/piedavajums-speka-maxima-xx-veikalos-6057.png');                     ">
                </div>
                                                                            
                                <div data-alt="Prece pieejama MAXIMA XXX veikalos" class="tag tag-soap-4 tag-shops" style="background-image: url('/uploads/sale/piedavajums-speka-maxima-xxx-veikalos-3117.png');                     ">
                </div>
                                                                            
                                <div data-alt="Trendi" class="tag tag-soap-62 " style="background-image: url('/uploads/sale/trendi-7759.png');                     ">
                </div>
                            
                    </div>
        <div class="tags tags_primary info_icon">
            
    <div data-alt="Preču piedāvājums atšķirīgs Maxima veikalos, ar aktuālo akcijas preču piedāvājumu aicinām iepazīties uz vietas veikalā!" class="tag i"></div>

        </div>

        <div class="info-notice">
            


                                                                                                                                    </div>

        <div class="img">
          <img alt="Sāļā uzkoda Ch.Morel Mushroom PRINGLES 80g" src="/uploads/sale/2026/sales_page/01/29//sala-uzkoda-ch-morel-mushroom-pringles-80g-00244-0129083525.png?1769668525">
        </div>
        <div class="text paldies-card      ">
            <div class="title">Sāļā uzkoda Ch.Morel Mushroom PRINGLES 80g</div>
            <div class="pack">
                <span class="ptitle"></span>
                <span class="price"> 37.38 €/kg</span>
            </div>
                    </div>
        <div class="infopop">
            <div class="in"><span></span>
                <div class="arrow_top"></div>
                <div class="arrow_bottom"></div>
            </div>
        </div>
    </div>
</div><div class="col-third offer-item">
    <div class="item bl_shadow product-242464 paldies-card  offer-2-l-sp-sku units-price        " data-product-id="242464" data-timeout="84" data-dates-interval="28.01. - 06.05.2026." tabindex="0" role="button">
                                                    <div class="discount price with-unit-price ">
                                                                            <div class="paldies-card-icon with-unit-price">
                        <img src="/images/front/icons/paldies2-icon.png" alt="Paldies">
                    </div>
                                                                                                                                
                    <div class="t1 with-unit-price paldies-card">
            <span class="value">1</span>
            <span class="cents">99</span>
            <span class="eur">€</span>
            <span class="unit-price">24.88 €/kg</span>
        </div>
                    <div class="t2">
                <span class="value">2,99</span>
                <span class="eur">€</span>
            </div>
            <div class="t3 with-unit-price">
                <span class="value">2</span>
                <span class="cents">99</span>
                <span class="eur">€</span>
                <span class="unit-price">37.38 €/kg</span>            </div>
            
    <span class="vline"></span>
</div>                    		
        
        
        <div class="tags tags_primary bottom_icons">
                                                            
                                <div data-alt="Atlaide ar PALDIES karti" class="tag tag-soap-2 " style="background-image: url('/uploads/sale/atlaide-ar-paldies-karti-7358.png');                     ">
                </div>
                                                                            
                                <div data-alt="Prece pieejama MAXIMA XX veikalos" class="tag tag-soap-3 tag-shops" style="background-image: url('/uploads/sale/piedavajums-speka-maxima-xx-veikalos-6057.png');                     ">
                </div>
                                                                            
                                <div data-alt="Prece pieejama MAXIMA XXX veikalos" class="tag tag-soap-4 tag-shops" style="background-image: url('/uploads/sale/piedavajums-speka-maxima-xxx-veikalos-3117.png');                     ">
                </div>
                                                                            
                                <div data-alt="Trendi" class="tag tag-soap-62 " style="background-image: url('/uploads/sale/trendi-7759.png');                     ">
                </div>
                            
                    </div>
        <div class="tags tags_primary info_icon">
            
    <div data-alt="Preču piedāvājums atšķirīgs Maxima veikalos, ar aktuālo akcijas preču piedāvājumu aicinām iepazīties uz vietas veikalā!" class="tag i"></div>

        </div>

        <div class="info-notice">
            


                                                                                                                                    </div>

        <div class="img">
          <img alt="Sāļā uzkoda PRINGLES Bl.Truffl.Potat.80g" src="/uploads/sale/2026/sales_page/01/29//sala-uzkoda-pringles-bl-truffl-potat-80g-00245-0129083525.png?1769668525">
        </div>
        <div class="text paldies-card      ">
            <div class="title">Sāļā uzkoda PRINGLES Bl.Truffl.Potat.80g</div>
            <div class="pack">
                <span class="ptitle"></span>
                <span class="price"> 37.38 €/kg</span>
            </div>
                    </div>
        <div class="infopop">
            <div class="in"><span></span>
                <div class="arrow_top"></div>
                <div class="arrow_bottom"></div>
            </div>
        </div>
    </div>
</div><div class="col-third offer-item">
    <div class="item bl_shadow product-242465 paldies-card  offer-2-l-sp-sku units-price        " data-product-id="242465" data-timeout="84" data-dates-interval="28.01. - 06.05.2026." tabindex="0" role="button">
                                                    <div class="discount price with-unit-price ">
                                                                            <div class="paldies-card-icon with-unit-price">
                        <img src="/images/front/icons/paldies2-icon.png" alt="Paldies">
                    </div>
                                                                                                                                                                
                    <div class="t1 with-unit-price paldies-card">
            <span class="value">1</span>
            <span class="cents">79</span>
            <span class="eur">€</span>
            <span class="unit-price">3.58 €/l</span>
        </div>
                    <div class="t2">
                <span class="value">2,49</span>
                <span class="eur">€</span>
            </div>
            <div class="t3 with-unit-price">
                <span class="value">2</span>
                <span class="cents">49</span>
                <span class="eur">€</span>
                <span class="unit-price">4.98 €/l</span>            </div>
            
    <span class="vline"></span>
</div>                    		
        
        
        <div class="tags tags_primary bottom_icons">
                                                            
                                <div data-alt="Atlaide ar PALDIES karti" class="tag tag-soap-2 " style="background-image: url('/uploads/sale/atlaide-ar-paldies-karti-7358.png');                     ">
                </div>
                                                                            
                                <div data-alt="Prece pieejama MAXIMA XX veikalos" class="tag tag-soap-3 tag-shops" style="background-image: url('/uploads/sale/piedavajums-speka-maxima-xx-veikalos-6057.png');                     ">
                </div>
                                                                            
                                <div data-alt="Prece pieejama MAXIMA XXX veikalos" class="tag tag-soap-4 tag-shops" style="background-image: url('/uploads/sale/piedavajums-speka-maxima-xxx-veikalos-3117.png');                     ">
                </div>
                                                                            
                                <div data-alt="+10 centi depozīta maksa" class="tag tag-soap-9 " style="background-image: url('/uploads/sale/10-centi-depozita-maksa-3937.png');                     ">
                </div>
                                                                            
                                <div data-alt="Trendi" class="tag tag-soap-62 " style="background-image: url('/uploads/sale/trendi-7759.png');                     ">
                </div>
                            
                    </div>
        <div class="tags tags_primary info_icon">
            
    <div data-alt="Preču piedāvājums atšķirīgs Maxima veikalos, ar aktuālo akcijas preču piedāvājumu aicinām iepazīties uz vietas veikalā!" class="tag i"></div>

        </div>

        <div class="info-notice">
            


                                                                                                                                                                </div>

        <div class="img">
          <img alt="Zemeņu dzēriens OKF Jelly Chew 0,5L D" src="/uploads/sale/2026/sales_page/01/29//zemenu-dzeriens-okf-jelly-chew-0-5l-d-00246-0129083525.png?1769668525">
        </div>
        <div class="text paldies-card      ">
            <div class="title">Zemeņu dzēriens OKF Jelly Chew 0,5L D</div>
            <div class="pack">
                <span class="ptitle"></span>
                <span class="price"> 4.98 €/l</span>
            </div>
                    </div>
        <div class="infopop">
            <div class="in"><span></span>
                <div class="arrow_top"></div>
                <div class="arrow_bottom"></div>
            </div>
        </div>
    </div>
</div><div class="col-third offer-item">
    <div class="item bl_shadow product-242453 paldies-card  offer-2-l-sp-sku units-price        " data-product-id="242453" data-timeout="84" data-dates-interval="28.01. - 06.05.2026." tabindex="0" role="button">
                                                    <div class="discount price with-unit-price ">
                                                                            <div class="paldies-card-icon with-unit-price">
                        <img src="/images/front/icons/paldies2-icon.png" alt="Paldies">
                    </div>
                                                                                                                                                                
                    <div class="t1 with-unit-price paldies-card">
            <span class="value">1</span>
            <span class="cents">79</span>
            <span class="eur">€</span>
            <span class="unit-price">3.58 €/l</span>
        </div>
                    <div class="t2">
                <span class="value">2,49</span>
                <span class="eur">€</span>
            </div>
            <div class="t3 with-unit-price">
                <span class="value">2</span>
                <span class="cents">49</span>
                <span class="eur">€</span>
                <span class="unit-price">4.98 €/l</span>            </div>
            
    <span class="vline"></span>
</div>                    		
        
        
        <div class="tags tags_primary bottom_icons">
                                                            
                                <div data-alt="Atlaide ar PALDIES karti" class="tag tag-soap-2 " style="background-image: url('/uploads/sale/atlaide-ar-paldies-karti-7358.png');                     ">
                </div>
                                                                            
                                <div data-alt="Prece pieejama MAXIMA XX veikalos" class="tag tag-soap-3 tag-shops" style="background-image: url('/uploads/sale/piedavajums-speka-maxima-xx-veikalos-6057.png');                     ">
                </div>
                                                                            
                                <div data-alt="Prece pieejama MAXIMA XXX veikalos" class="tag tag-soap-4 tag-shops" style="background-image: url('/uploads/sale/piedavajums-speka-maxima-xxx-veikalos-3117.png');                     ">
                </div>
                                                                            
                                <div data-alt="+10 centi depozīta maksa" class="tag tag-soap-9 " style="background-image: url('/uploads/sale/10-centi-depozita-maksa-3937.png');                     ">
                </div>
                                                                            
                                <div data-alt="Trendi" class="tag tag-soap-62 " style="background-image: url('/uploads/sale/trendi-7759.png');                     ">
                </div>
                            
                    </div>
        <div class="tags tags_primary info_icon">
            
    <div data-alt="Preču piedāvājums atšķirīgs Maxima veikalos, ar aktuālo akcijas preču piedāvājumu aicinām iepazīties uz vietas veikalā!" class="tag i"></div>

        </div>

        <div class="info-notice">
            


                                                                                                                                                                </div>

        <div class="img">
          <img alt="Ananasu dzēriens OKF Jelly Chew 0,5L D" src="/uploads/sale/2026/sales_page/01/29//ananasu-dzeriens-okf-jelly-chew-0-5l-d-00247-0129083523.png?1769668523">
        </div>
        <div class="text paldies-card      ">
            <div class="title">Ananasu dzēriens OKF Jelly Chew 0,5L D</div>
            <div class="pack">
                <span class="ptitle"></span>
                <span class="price"> 4.98 €/l</span>
            </div>
                    </div>
        <div class="infopop">
            <div class="in"><span></span>
                <div class="arrow_top"></div>
                <div class="arrow_bottom"></div>
            </div>
        </div>
    </div>
</div><div class="col-third offer-item">
    <div class="item bl_shadow product-242454 paldies-card  offer-2-l-sp-sku units-price        " data-product-id="242454" data-timeout="84" data-dates-interval="28.01. - 06.05.2026." tabindex="0" role="button">
                                                    <div class="discount price with-unit-price ">
                                                                            <div class="paldies-card-icon with-unit-price">
                        <img src="/images/front/icons/paldies2-icon.png" alt="Paldies">
                    </div>
                                                                                                                                                                
                    <div class="t1 with-unit-price paldies-card">
            <span class="value">1</span>
            <span class="cents">79</span>
            <span class="eur">€</span>
            <span class="unit-price">3.58 €/l</span>
        </div>
                    <div class="t2">
                <span class="value">2,49</span>
                <span class="eur">€</span>
            </div>
            <div class="t3 with-unit-price">
                <span class="value">2</span>
                <span class="cents">49</span>
                <span class="eur">€</span>
                <span class="unit-price">4.98 €/l</span>            </div>
            
    <span class="vline"></span>
</div>                    		
        
        
        <div class="tags tags_primary bottom_icons">
                                                            
                                <div data-alt="Atlaide ar PALDIES karti" class="tag tag-soap-2 " style="background-image: url('/uploads/sale/atlaide-ar-paldies-karti-7358.png');                     ">
                </div>
                                                                            
                                <div data-alt="Prece pieejama MAXIMA XX veikalos" class="tag tag-soap-3 tag-shops" style="background-image: url('/uploads/sale/piedavajums-speka-maxima-xx-veikalos-6057.png');                     ">
                </div>
                                                                            
                                <div data-alt="Prece pieejama MAXIMA XXX veikalos" class="tag tag-soap-4 tag-shops" style="background-image: url('/uploads/sale/piedavajums-speka-maxima-xxx-veikalos-3117.png');                     ">
                </div>
                                                                            
                                <div data-alt="+10 centi depozīta maksa" class="tag tag-soap-9 " style="background-image: url('/uploads/sale/10-centi-depozita-maksa-3937.png');                     ">
                </div>
                                                                            
                                <div data-alt="Trendi" class="tag tag-soap-62 " style="background-image: url('/uploads/sale/trendi-7759.png');                     ">
                </div>
                            
                    </div>
        <div class="tags tags_primary info_icon">
            
    <div data-alt="Preču piedāvājums atšķirīgs Maxima veikalos, ar aktuālo akcijas preču piedāvājumu aicinām iepazīties uz vietas veikalā!" class="tag i"></div>

        </div>

        <div class="info-notice">
            


                                                                                                                                                                </div>

        <div class="img">
          <img alt="Persiku dzēriens OKF Jelly Chew 0,5L D" src="/uploads/sale/2026/sales_page/01/29//persiku-dzeriens-okf-jelly-chew-0-5l-d-00248-0129083523.png?1769668523">
        </div>
        <div class="text paldies-card      ">
            <div class="title">Persiku dzēriens OKF Jelly Chew 0,5L D</div>
            <div class="pack">
                <span class="ptitle"></span>
                <span class="price"> 4.98 €/l</span>
            </div>
                    </div>
        <div class="infopop">
            <div class="in"><span></span>
                <div class="arrow_top"></div>
                <div class="arrow_bottom"></div>
            </div>
        </div>
    </div>
</div><div class="col-third offer-item">
    <div class="item bl_shadow product-242455 paldies-card  offer-2-l-sp-sku units-price        " data-product-id="242455" data-timeout="70" data-dates-interval="28.01. - 22.04.2026." tabindex="0" role="button">
                                                    <div class="discount price with-unit-price ">
                                                                            <div class="paldies-card-icon with-unit-price">
                        <img src="/images/front/icons/paldies2-icon.png" alt="Paldies">
                    </div>
                                                                                                                                                                
                    <div class="t1 with-unit-price paldies-card">
            <span class="value">0</span>
            <span class="cents">99</span>
            <span class="eur">€</span>
            <span class="unit-price">4.95 €/kg</span>
        </div>
                    <div class="t2">
                <span class="value">1,29</span>
                <span class="eur">€</span>
            </div>
            <div class="t3 with-unit-price">
                <span class="value">1</span>
                <span class="cents">29</span>
                <span class="eur">€</span>
                <span class="unit-price">6.45 €/kg</span>            </div>
            
    <span class="vline"></span>
</div>                    		
        
        
        <div class="tags tags_primary bottom_icons">
                                                            
                                <div data-alt="Atlaide ar PALDIES karti" class="tag tag-soap-2 " style="background-image: url('/uploads/sale/atlaide-ar-paldies-karti-7358.png');                     ">
                </div>
                                                                            
                                <div data-alt="Prece pieejama MAXIMA XX veikalos" class="tag tag-soap-3 tag-shops" style="background-image: url('/uploads/sale/piedavajums-speka-maxima-xx-veikalos-6057.png');                     ">
                </div>
                                                                            
                                <div data-alt="Prece pieejama MAXIMA XXX veikalos" class="tag tag-soap-4 tag-shops" style="background-image: url('/uploads/sale/piedavajums-speka-maxima-xxx-veikalos-3117.png');                     ">
                </div>
                                                                            
                                <div data-alt="Latvijas produkts" class="tag tag-soap-6 " style="background-image: url('/uploads/sale/latvijas-produkts-3559.png');                     ">
                </div>
                                                                            
                                <div data-alt="Trendi" class="tag tag-soap-62 " style="background-image: url('/uploads/sale/trendi-7759.png');                     ">
                </div>
                            
                    </div>
        <div class="tags tags_primary info_icon">
            
    <div data-alt="Preču piedāvājums atšķirīgs Maxima veikalos, ar aktuālo akcijas preču piedāvājumu aicinām iepazīties uz vietas veikalā!" class="tag i"></div>

        </div>

        <div class="info-notice">
            


                                                                                                                                                                </div>

        <div class="img">
          <img alt="Ķiršu jogurts Protein LAKTO 200g" src="/uploads/sale/2026/sales_page/01/29//kirsu-jogurts-protein-lakto-200g-00249-0129083523.png?1769668523">
        </div>
        <div class="text paldies-card      ">
            <div class="title">Ķiršu jogurts Protein LAKTO 200g</div>
            <div class="pack">
                <span class="ptitle"></span>
                <span class="price"> 6.45 €/kg</span>
            </div>
                    </div>
        <div class="infopop">
            <div class="in"><span></span>
                <div class="arrow_top"></div>
                <div class="arrow_bottom"></div>
            </div>
        </div>
    </div>
</div><div class="col-third offer-item">
    <div class="item bl_shadow product-242456 paldies-card  offer-2-l-sp-sku units-price        " data-product-id="242456" data-timeout="70" data-dates-interval="28.01. - 22.04.2026." tabindex="0" role="button">
                                                    <div class="discount price with-unit-price ">
                                                                            <div class="paldies-card-icon with-unit-price">
                        <img src="/images/front/icons/paldies2-icon.png" alt="Paldies">
                    </div>
                                                                
                    <div class="t1 with-unit-price paldies-card">
            <span class="value">0</span>
            <span class="cents">99</span>
            <span class="eur">€</span>
            <span class="unit-price">4.95 €/kg</span>
        </div>
                    <div class="t2">
                <span class="value">1,29</span>
                <span class="eur">€</span>
            </div>
            <div class="t3 with-unit-price">
                <span class="value">1</span>
                <span class="cents">29</span>
                <span class="eur">€</span>
                <span class="unit-price">6.45 €/kg</span>            </div>
            
    <span class="vline"></span>
</div>                    		
        
        
        <div class="tags tags_primary bottom_icons">
                                                            
                                <div data-alt="Atlaide ar PALDIES karti" class="tag tag-soap-2 " style="background-image: url('/uploads/sale/atlaide-ar-paldies-karti-7358.png');                     ">
                </div>
                                                                            
                                <div data-alt="Trendi" class="tag tag-soap-62 " style="background-image: url('/uploads/sale/trendi-7759.png');                     ">
                </div>
                            
                    </div>
        <div class="tags tags_primary info_icon">
            
    <div data-alt="Preču piedāvājums atšķirīgs Maxima veikalos, ar aktuālo akcijas preču piedāvājumu aicinām iepazīties uz vietas veikalā!" class="tag i"></div>

        </div>

        <div class="info-notice">
            


                                                                            </div>

        <div class="img">
          <img alt="Aveņu-sēklu jogurts Protein LAKTO 200g" src="/uploads/sale/2026/sales_page/01/29//avenu-seklu-jogurts-protein-lakto-200g-00250-0129083523.png?1769668523">
        </div>
        <div class="text paldies-card      ">
            <div class="title">Aveņu-sēklu jogurts Protein LAKTO 200g</div>
            <div class="pack">
                <span class="ptitle"></span>
                <span class="price"> 6.45 €/kg</span>
            </div>
                    </div>
        <div class="infopop">
            <div class="in"><span></span>
                <div class="arrow_top"></div>
                <div class="arrow_bottom"></div>
            </div>
        </div>
    </div>
</div><div class="col-third offer-item">
    <div class="item bl_shadow product-242501 paldies-card  offer-2-l-sp-sku units-price        " data-product-id="242501" data-timeout="84" data-dates-interval="28.01. - 06.05.2026." tabindex="0" role="button">
                                                    <div class="discount price with-unit-price ">
                                                                            <div class="paldies-card-icon with-unit-price">
                        <img src="/images/front/icons/paldies2-icon.png" alt="Paldies">
                    </div>
                                                                                                                                                                
                    <div class="t1 with-unit-price paldies-card">
            <span class="value">4</span>
            <span class="cents">99</span>
            <span class="eur">€</span>
            <span class="unit-price">24.46 €/kg</span>
        </div>
                    <div class="t2">
                <span class="value">6,99</span>
                <span class="eur">€</span>
            </div>
            <div class="t3 with-unit-price">
                <span class="value">6</span>
                <span class="cents">99</span>
                <span class="eur">€</span>
                <span class="unit-price">34.26 €/kg</span>            </div>
            
    <span class="vline"></span>
</div>                    		
        
        
        <div class="tags tags_primary bottom_icons">
                                                            
                                <div data-alt="Atlaide ar PALDIES karti" class="tag tag-soap-2 " style="background-image: url('/uploads/sale/atlaide-ar-paldies-karti-7358.png');                     ">
                </div>
                                                                            
                                <div data-alt="Prece pieejama MAXIMA XX veikalos" class="tag tag-soap-3 tag-shops" style="background-image: url('/uploads/sale/piedavajums-speka-maxima-xx-veikalos-6057.png');                     ">
                </div>
                                                                            
                                <div data-alt="Prece pieejama MAXIMA XXX veikalos" class="tag tag-soap-4 tag-shops" style="background-image: url('/uploads/sale/piedavajums-speka-maxima-xxx-veikalos-3117.png');                     ">
                </div>
                                                                            
                                <div data-alt="Saldēts produkts" class="tag tag-soap-11 " style="background-image: url('/uploads/sale/saldets-produkts-4932.png');                     ">
                </div>
                                                                            
                                <div data-alt="Trendi" class="tag tag-soap-62 " style="background-image: url('/uploads/sale/trendi-7759.png');                     ">
                </div>
                            
                    </div>
        <div class="tags tags_primary info_icon">
            
    <div data-alt="Preču piedāvājums atšķirīgs Maxima veikalos, ar aktuālo akcijas preču piedāvājumu aicinām iepazīties uz vietas veikalā!" class="tag i"></div>

        </div>

        <div class="info-notice">
            


                                                                                                                                                                </div>

        <div class="img">
          <img alt="Saldējums Cookie Dough DOUGHLICIOUS 204g" src="/uploads/sale/2026/sales_page/01/29//saldejums-cookie-dough-doughlicious-204g-00267-0129083532.png?1769668532">
        </div>
        <div class="text paldies-card      ">
            <div class="title">Saldējums Cookie Dough DOUGHLICIOUS 204g</div>
            <div class="pack">
                <span class="ptitle"></span>
                <span class="price"> 34.26 €/kg</span>
            </div>
                    </div>
        <div class="infopop">
            <div class="in"><span></span>
                <div class="arrow_top"></div>
                <div class="arrow_bottom"></div>
            </div>
        </div>
    </div>
</div><div class="col-third offer-item">
    <div class="item bl_shadow product-242502 paldies-card  offer-2-l-sp-sku units-price        " data-product-id="242502" data-timeout="84" data-dates-interval="28.01. - 06.05.2026." tabindex="0" role="button">
                                                    <div class="discount price with-unit-price ">
                                                                            <div class="paldies-card-icon with-unit-price">
                        <img src="/images/front/icons/paldies2-icon.png" alt="Paldies">
                    </div>
                                                                                                                                                                
                    <div class="t1 with-unit-price paldies-card">
            <span class="value">1</span>
            <span class="cents">99</span>
            <span class="eur">€</span>
            <span class="unit-price">4.15 €/l</span>
        </div>
                    <div class="t2">
                <span class="value">2,99</span>
                <span class="eur">€</span>
            </div>
            <div class="t3 with-unit-price">
                <span class="value">2</span>
                <span class="cents">99</span>
                <span class="eur">€</span>
                <span class="unit-price">6.23 €/l</span>            </div>
            
    <span class="vline"></span>
</div>                    		
        
        
        <div class="tags tags_primary bottom_icons">
                                                            
                                <div data-alt="Atlaide ar PALDIES karti" class="tag tag-soap-2 " style="background-image: url('/uploads/sale/atlaide-ar-paldies-karti-7358.png');                     ">
                </div>
                                                                            
                                <div data-alt="Prece pieejama MAXIMA XX veikalos" class="tag tag-soap-3 tag-shops" style="background-image: url('/uploads/sale/piedavajums-speka-maxima-xx-veikalos-6057.png');                     ">
                </div>
                                                                            
                                <div data-alt="Prece pieejama MAXIMA XXX veikalos" class="tag tag-soap-4 tag-shops" style="background-image: url('/uploads/sale/piedavajums-speka-maxima-xxx-veikalos-3117.png');                     ">
                </div>
                                                                            
                                <div data-alt="+10 centi depozīta maksa" class="tag tag-soap-9 " style="background-image: url('/uploads/sale/10-centi-depozita-maksa-3937.png');                     ">
                </div>
                                                                            
                                <div data-alt="Trendi" class="tag tag-soap-62 " style="background-image: url('/uploads/sale/trendi-7759.png');                     ">
                </div>
                            
                    </div>
        <div class="tags tags_primary info_icon">
            
    <div data-alt="Preču piedāvājums atšķirīgs Maxima veikalos, ar aktuālo akcijas preču piedāvājumu aicinām iepazīties uz vietas veikalā!" class="tag i"></div>

        </div>

        <div class="info-notice">
            


                                                                                                                                                                </div>

        <div class="img">
          <img alt="Gāzēts dzēriens Ramune SANGARIA 0,5L D" src="/uploads/sale/2026/sales_page/01/29//gazets-dzeriens-ramune-sangaria-0-5l-d-00268-0129083532.png?1769668532">
        </div>
        <div class="text paldies-card      ">
            <div class="title">Gāzēts dzēriens Ramune SANGARIA 0,5L D</div>
            <div class="pack">
                <span class="ptitle"></span>
                <span class="price"> 6.23 €/l</span>
            </div>
                    </div>
        <div class="infopop">
            <div class="in"><span></span>
                <div class="arrow_top"></div>
                <div class="arrow_bottom"></div>
            </div>
        </div>
    </div>
</div><div class="col-third offer-item">
    <div class="item bl_shadow product-242503 paldies-card  offer-2-l-sp-sku units-price        " data-product-id="242503" data-timeout="84" data-dates-interval="28.01. - 06.05.2026." tabindex="0" role="button">
                                                    <div class="discount price with-unit-price ">
                                                                            <div class="paldies-card-icon with-unit-price">
                        <img src="/images/front/icons/paldies2-icon.png" alt="Paldies">
                    </div>
                                                                                                                                                                
                    <div class="t1 with-unit-price paldies-card">
            <span class="value">1</span>
            <span class="cents">99</span>
            <span class="eur">€</span>
            <span class="unit-price">4.15 €/l</span>
        </div>
                    <div class="t2">
                <span class="value">2,99</span>
                <span class="eur">€</span>
            </div>
            <div class="t3 with-unit-price">
                <span class="value">2</span>
                <span class="cents">99</span>
                <span class="eur">€</span>
                <span class="unit-price">6.23 €/l</span>            </div>
            
    <span class="vline"></span>
</div>                    		
        
        
        <div class="tags tags_primary bottom_icons">
                                                            
                                <div data-alt="Atlaide ar PALDIES karti" class="tag tag-soap-2 " style="background-image: url('/uploads/sale/atlaide-ar-paldies-karti-7358.png');                     ">
                </div>
                                                                            
                                <div data-alt="Prece pieejama MAXIMA XX veikalos" class="tag tag-soap-3 tag-shops" style="background-image: url('/uploads/sale/piedavajums-speka-maxima-xx-veikalos-6057.png');                     ">
                </div>
                                                                            
                                <div data-alt="Prece pieejama MAXIMA XXX veikalos" class="tag tag-soap-4 tag-shops" style="background-image: url('/uploads/sale/piedavajums-speka-maxima-xxx-veikalos-3117.png');                     ">
                </div>
                                                                            
                                <div data-alt="+10 centi depozīta maksa" class="tag tag-soap-9 " style="background-image: url('/uploads/sale/10-centi-depozita-maksa-3937.png');                     ">
                </div>
                                                                            
                                <div data-alt="Trendi" class="tag tag-soap-62 " style="background-image: url('/uploads/sale/trendi-7759.png');                     ">
                </div>
                            
                    </div>
        <div class="tags tags_primary info_icon">
            
    <div data-alt="Preču piedāvājums atšķirīgs Maxima veikalos, ar aktuālo akcijas preču piedāvājumu aicinām iepazīties uz vietas veikalā!" class="tag i"></div>

        </div>

        <div class="info-notice">
            


                                                                                                                                                                </div>

        <div class="img">
          <img alt="Gāzēts dzēriens Grape SANGARIA 0,5L D" src="/uploads/sale/2026/sales_page/01/29//gazets-dzeriens-grape-sangaria-0-5l-d-00269-0129083532.png?1769668532">
        </div>
        <div class="text paldies-card      ">
            <div class="title">Gāzēts dzēriens Grape SANGARIA 0,5L D</div>
            <div class="pack">
                <span class="ptitle"></span>
                <span class="price"> 6.23 €/l</span>
            </div>
                    </div>
        <div class="infopop">
            <div class="in"><span></span>
                <div class="arrow_top"></div>
                <div class="arrow_bottom"></div>
            </div>
        </div>
    </div>
</div><div class="col-third offer-item">
    <div class="item bl_shadow product-242504 paldies-card  offer-2-l-sp-sku units-price        " data-product-id="242504" data-timeout="84" data-dates-interval="28.01. - 06.05.2026." tabindex="0" role="button">
                                                    <div class="discount price with-unit-price ">
                                                                            <div class="paldies-card-icon with-unit-price">
                        <img src="/images/front/icons/paldies2-icon.png" alt="Paldies">
                    </div>
                                                                                                                                                                
                    <div class="t1 with-unit-price paldies-card">
            <span class="value">6</span>
            <span class="cents">99</span>
            <span class="eur">€</span>
            <span class="unit-price">9.99 €/kg</span>
        </div>
                    <div class="t2">
                <span class="value">9,99</span>
                <span class="eur">€</span>
            </div>
            <div class="t3 with-unit-price">
                <span class="value">9</span>
                <span class="cents">99</span>
                <span class="eur">€</span>
                <span class="unit-price">14.27 €/kg</span>            </div>
            
    <span class="vline"></span>
</div>                    		
        
        
        <div class="tags tags_primary bottom_icons">
                                                            
                                <div data-alt="Atlaide ar PALDIES karti" class="tag tag-soap-2 " style="background-image: url('/uploads/sale/atlaide-ar-paldies-karti-7358.png');                     ">
                </div>
                                                                            
                                <div data-alt="Prece pieejama MAXIMA XX veikalos" class="tag tag-soap-3 tag-shops" style="background-image: url('/uploads/sale/piedavajums-speka-maxima-xx-veikalos-6057.png');                     ">
                </div>
                                                                            
                                <div data-alt="Prece pieejama MAXIMA XXX veikalos" class="tag tag-soap-4 tag-shops" style="background-image: url('/uploads/sale/piedavajums-speka-maxima-xxx-veikalos-3117.png');                     ">
                </div>
                                                                            
                                <div data-alt="Saldēts produkts" class="tag tag-soap-11 " style="background-image: url('/uploads/sale/saldets-produkts-4932.png');                     ">
                </div>
                                                                            
                                <div data-alt="Trendi" class="tag tag-soap-62 " style="background-image: url('/uploads/sale/trendi-7759.png');                     ">
                </div>
                            
                    </div>
        <div class="tags tags_primary info_icon">
            
    <div data-alt="Preču piedāvājums atšķirīgs Maxima veikalos, ar aktuālo akcijas preču piedāvājumu aicinām iepazīties uz vietas veikalā!" class="tag i"></div>

        </div>

        <div class="info-notice">
            


                                                                                                                                                                </div>

        <div class="img">
          <img alt="Saldēti pelmeņi ar kimči BULDAK 700g" src="/uploads/sale/2026/sales_page/01/29//saldeti-pelmeni-ar-kimci-buldak-700g-00270-0129083532.png?1769668532">
        </div>
        <div class="text paldies-card      ">
            <div class="title">Saldēti pelmeņi ar kimči BULDAK 700g</div>
            <div class="pack">
                <span class="ptitle"></span>
                <span class="price"> 14.27 €/kg</span>
            </div>
                    </div>
        <div class="infopop">
            <div class="in"><span></span>
                <div class="arrow_top"></div>
                <div class="arrow_bottom"></div>
            </div>
        </div>
    </div>
</div><div class="col-third offer-item">
    <div class="item bl_shadow product-242505 paldies-card  offer-2-l-sp-sku units-price        " data-product-id="242505" data-timeout="84" data-dates-interval="28.01. - 06.05.2026." tabindex="0" role="button">
                                                    <div class="discount price with-unit-price ">
                                                                            <div class="paldies-card-icon with-unit-price">
                        <img src="/images/front/icons/paldies2-icon.png" alt="Paldies">
                    </div>
                                                                                                                                                                
                    <div class="t1 with-unit-price paldies-card">
            <span class="value">1</span>
            <span class="cents">99</span>
            <span class="eur">€</span>
            <span class="unit-price">4.15 €/l</span>
        </div>
                    <div class="t2">
                <span class="value">2,99</span>
                <span class="eur">€</span>
            </div>
            <div class="t3 with-unit-price">
                <span class="value">2</span>
                <span class="cents">99</span>
                <span class="eur">€</span>
                <span class="unit-price">6.23 €/l</span>            </div>
            
    <span class="vline"></span>
</div>                    		
        
        
        <div class="tags tags_primary bottom_icons">
                                                            
                                <div data-alt="Atlaide ar PALDIES karti" class="tag tag-soap-2 " style="background-image: url('/uploads/sale/atlaide-ar-paldies-karti-7358.png');                     ">
                </div>
                                                                            
                                <div data-alt="Prece pieejama MAXIMA XX veikalos" class="tag tag-soap-3 tag-shops" style="background-image: url('/uploads/sale/piedavajums-speka-maxima-xx-veikalos-6057.png');                     ">
                </div>
                                                                            
                                <div data-alt="Prece pieejama MAXIMA XXX veikalos" class="tag tag-soap-4 tag-shops" style="background-image: url('/uploads/sale/piedavajums-speka-maxima-xxx-veikalos-3117.png');                     ">
                </div>
                                                                            
                                <div data-alt="+10 centi depozīta maksa" class="tag tag-soap-9 " style="background-image: url('/uploads/sale/10-centi-depozita-maksa-3937.png');                     ">
                </div>
                                                                            
                                <div data-alt="Trendi" class="tag tag-soap-62 " style="background-image: url('/uploads/sale/trendi-7759.png');                     ">
                </div>
                            
                    </div>
        <div class="tags tags_primary info_icon">
            
    <div data-alt="Preču piedāvājums atšķirīgs Maxima veikalos, ar aktuālo akcijas preču piedāvājumu aicinām iepazīties uz vietas veikalā!" class="tag i"></div>

        </div>

        <div class="info-notice">
            


                                                                                                                                                                </div>

        <div class="img">
          <img alt="Gāzēts dzēriens Melons. SANGARIA 0,5L D" src="/uploads/sale/2026/sales_page/01/29//gazets-dzeriens-melons-sangaria-0-5l-d-00271-0129083532.png?1769668532">
        </div>
        <div class="text paldies-card      ">
            <div class="title">Gāzēts dzēriens Melons. SANGARIA 0,5L D</div>
            <div class="pack">
                <span class="ptitle"></span>
                <span class="price"> 6.23 €/l</span>
            </div>
                    </div>
        <div class="infopop">
            <div class="in"><span></span>
                <div class="arrow_top"></div>
                <div class="arrow_bottom"></div>
            </div>
        </div>
    </div>
</div><div class="col-third offer-item">
    <div class="item bl_shadow product-242466 paldies-card  offer-2-l-sp-sku units-price        " data-product-id="242466" data-timeout="84" data-dates-interval="28.01. - 06.05.2026." tabindex="0" role="button">
                                                    <div class="discount price with-unit-price ">
                                                                            <div class="paldies-card-icon with-unit-price">
                        <img src="/images/front/icons/paldies2-icon.png" alt="Paldies">
                    </div>
                                                                
                    <div class="t1 with-unit-price paldies-card">
            <span class="value">2</span>
            <span class="cents">99</span>
            <span class="eur">€</span>
            <span class="unit-price">24.92 €/kg</span>
        </div>
                    <div class="t2">
                <span class="value">3,99</span>
                <span class="eur">€</span>
            </div>
            <div class="t3 with-unit-price">
                <span class="value">3</span>
                <span class="cents">99</span>
                <span class="eur">€</span>
                <span class="unit-price">33.25 €/kg</span>            </div>
            
    <span class="vline"></span>
</div>                    		
        
        
        <div class="tags tags_primary bottom_icons">
                                                            
                                <div data-alt="Atlaide ar PALDIES karti" class="tag tag-soap-2 " style="background-image: url('/uploads/sale/atlaide-ar-paldies-karti-7358.png');                     ">
                </div>
                                                                            
                                <div data-alt="Trendi" class="tag tag-soap-62 " style="background-image: url('/uploads/sale/trendi-7759.png');                     ">
                </div>
                            
                    </div>
        <div class="tags tags_primary info_icon">
            
    <div data-alt="Preču piedāvājums atšķirīgs Maxima veikalos, ar aktuālo akcijas preču piedāvājumu aicinām iepazīties uz vietas veikalā!" class="tag i"></div>

        </div>

        <div class="info-notice">
            


                                                                            </div>

        <div class="img">
          <img alt="Krekeri Snap'd Double Cheese CHEEZ IT 120g" src="/uploads/sale/2026/sales_page/01/29//krekeri-snap-d-double-cheese-cheez-it-120g-00272-0129083526.png?1769668526">
        </div>
        <div class="text paldies-card      ">
            <div class="title">Krekeri Snap'd Double Cheese CHEEZ IT 120g</div>
            <div class="pack">
                <span class="ptitle"></span>
                <span class="price"> 33.25 €/kg</span>
            </div>
                    </div>
        <div class="infopop">
            <div class="in"><span></span>
                <div class="arrow_top"></div>
                <div class="arrow_bottom"></div>
            </div>
        </div>
    </div>
</div><div class="col-third offer-item">
    <div class="item bl_shadow product-242467 paldies-card  offer-2-l-sp-sku units-price        " data-product-id="242467" data-timeout="84" data-dates-interval="28.01. - 06.05.2026." tabindex="0" role="button">
                                                    <div class="discount price with-unit-price ">
                                                                            <div class="paldies-card-icon with-unit-price">
                        <img src="/images/front/icons/paldies2-icon.png" alt="Paldies">
                    </div>
                                                                
                    <div class="t1 with-unit-price paldies-card">
            <span class="value">2</span>
            <span class="cents">99</span>
            <span class="eur">€</span>
            <span class="unit-price">24.92 €/kg</span>
        </div>
                    <div class="t2">
                <span class="value">3,99</span>
                <span class="eur">€</span>
            </div>
            <div class="t3 with-unit-price">
                <span class="value">3</span>
                <span class="cents">99</span>
                <span class="eur">€</span>
                <span class="unit-price">33.25 €/kg</span>            </div>
            
    <span class="vline"></span>
</div>                    		
        
        
        <div class="tags tags_primary bottom_icons">
                                                            
                                <div data-alt="Atlaide ar PALDIES karti" class="tag tag-soap-2 " style="background-image: url('/uploads/sale/atlaide-ar-paldies-karti-7358.png');                     ">
                </div>
                                                                            
                                <div data-alt="Trendi" class="tag tag-soap-62 " style="background-image: url('/uploads/sale/trendi-7759.png');                     ">
                </div>
                            
                    </div>
        <div class="tags tags_primary info_icon">
            
    <div data-alt="Preču piedāvājums atšķirīgs Maxima veikalos, ar aktuālo akcijas preču piedāvājumu aicinām iepazīties uz vietas veikalā!" class="tag i"></div>

        </div>

        <div class="info-notice">
            


                                                                            </div>

        <div class="img">
          <img alt="Krekeri Snap'd Cheese&amp;Chili CHEEZ IT 120g" src="/uploads/sale/2026/sales_page/01/29//krekeri-snap-d-cheese-chili-cheez-it-120g-00273-0129083526.png?1769668526">
        </div>
        <div class="text paldies-card      ">
            <div class="title">Krekeri Snap'd Cheese&amp;Chili CHEEZ IT 120g</div>
            <div class="pack">
                <span class="ptitle"></span>
                <span class="price"> 33.25 €/kg</span>
            </div>
                    </div>
        <div class="infopop">
            <div class="in"><span></span>
                <div class="arrow_top"></div>
                <div class="arrow_bottom"></div>
            </div>
        </div>
    </div>
</div><div class="col-third offer-item">
    <div class="item bl_shadow product-242468 paldies-card  offer-2-l-sp-sku units-price        " data-product-id="242468" data-timeout="84" data-dates-interval="28.01. - 06.05.2026." tabindex="0" role="button">
                                                    <div class="discount price with-unit-price ">
                                                                            <div class="paldies-card-icon with-unit-price">
                        <img src="/images/front/icons/paldies2-icon.png" alt="Paldies">
                    </div>
                                                                                                
                    <div class="t1 with-unit-price paldies-card">
            <span class="value">0</span>
            <span class="cents">69</span>
            <span class="eur">€</span>
            <span class="unit-price">2.09 €/l</span>
        </div>
                    <div class="t2">
                <span class="value">1,25</span>
                <span class="eur">€</span>
            </div>
            <div class="t3 with-unit-price">
                <span class="value">1</span>
                <span class="cents">25</span>
                <span class="eur">€</span>
                <span class="unit-price">3.79 €/l</span>            </div>
            
    <span class="vline"></span>
</div>                    		
        
        
        <div class="tags tags_primary bottom_icons">
                                                            
                                <div data-alt="Atlaide ar PALDIES karti" class="tag tag-soap-2 " style="background-image: url('/uploads/sale/atlaide-ar-paldies-karti-7358.png');                     ">
                </div>
                                                                            
                                <div data-alt="+10 centi depozīta maksa" class="tag tag-soap-9 " style="background-image: url('/uploads/sale/10-centi-depozita-maksa-3937.png');                     ">
                </div>
                                                                            
                                <div data-alt="Trendi" class="tag tag-soap-62 " style="background-image: url('/uploads/sale/trendi-7759.png');                     ">
                </div>
                            
                    </div>
        <div class="tags tags_primary info_icon">
            
    <div data-alt="Preču piedāvājums atšķirīgs Maxima veikalos, ar aktuālo akcijas preču piedāvājumu aicinām iepazīties uz vietas veikalā!" class="tag i"></div>

        </div>

        <div class="info-notice">
            


                                                                                                        </div>

        <div class="img">
          <img alt="Gāzēts dzēriens Mojito SCHWEPPES 0,33L D" src="/uploads/sale/2026/sales_page/01/29//gazets-dzeriens-mojito-schweppes-0-33l-d-00274-0129083526.png?1769668526">
        </div>
        <div class="text paldies-card      ">
            <div class="title">Gāzēts dzēriens Mojito SCHWEPPES 0,33L D</div>
            <div class="pack">
                <span class="ptitle"></span>
                <span class="price"> 3.79 €/l</span>
            </div>
                    </div>
        <div class="infopop">
            <div class="in"><span></span>
                <div class="arrow_top"></div>
                <div class="arrow_bottom"></div>
            </div>
        </div>
    </div>
</div><div class="col-third offer-item">
    <div class="item bl_shadow product-242469 paldies-card  offer-2-l-sp-sku units-price        " data-product-id="242469" data-timeout="84" data-dates-interval="28.01. - 06.05.2026." tabindex="0" role="button">
                                                    <div class="discount price with-unit-price ">
                                                                            <div class="paldies-card-icon with-unit-price">
                        <img src="/images/front/icons/paldies2-icon.png" alt="Paldies">
                    </div>
                                                                
                    <div class="t1 with-unit-price paldies-card">
            <span class="value">2</span>
            <span class="cents">19</span>
            <span class="eur">€</span>
            <span class="unit-price">62.57 €/kg</span>
        </div>
                    <div class="t2">
                <span class="value">3,69</span>
                <span class="eur">€</span>
            </div>
            <div class="t3 with-unit-price">
                <span class="value">3</span>
                <span class="cents">69</span>
                <span class="eur">€</span>
                <span class="unit-price">105.43 €/kg</span>            </div>
            
    <span class="vline"></span>
</div>                    		
        
        
        <div class="tags tags_primary bottom_icons">
                                                            
                                <div data-alt="Atlaide ar PALDIES karti" class="tag tag-soap-2 " style="background-image: url('/uploads/sale/atlaide-ar-paldies-karti-7358.png');                     ">
                </div>
                                                                            
                                <div data-alt="Trendi" class="tag tag-soap-62 " style="background-image: url('/uploads/sale/trendi-7759.png');                     ">
                </div>
                            
                    </div>
        <div class="tags tags_primary info_icon">
            
    <div data-alt="Preču piedāvājums atšķirīgs Maxima veikalos, ar aktuālo akcijas preču piedāvājumu aicinām iepazīties uz vietas veikalā!" class="tag i"></div>

        </div>

        <div class="info-notice">
            


                                                                            </div>

        <div class="img">
          <img alt="Šokolādes groziņi Peanut FEASTABLES 40g" src="/uploads/sale/2026/sales_page/01/29//sokolades-grozini-peanut-feastables-40g-00275-0129083526.png?1769668526">
        </div>
        <div class="text paldies-card      ">
            <div class="title">Šokolādes groziņi Peanut FEASTABLES 40g</div>
            <div class="pack">
                <span class="ptitle"></span>
                <span class="price"> 105.43 €/kg</span>
            </div>
                    </div>
        <div class="infopop">
            <div class="in"><span></span>
                <div class="arrow_top"></div>
                <div class="arrow_bottom"></div>
            </div>
        </div>
    </div>
</div><div class="col-third offer-item">
    <div class="item bl_shadow product-242470 paldies-card  offer-2-l-sp-sku units-price        " data-product-id="242470" data-timeout="84" data-dates-interval="28.01. - 06.05.2026." tabindex="0" role="button">
                                                    <div class="discount price with-unit-price ">
                                                                            <div class="paldies-card-icon with-unit-price">
                        <img src="/images/front/icons/paldies2-icon.png" alt="Paldies">
                    </div>
                                                                
                    <div class="t1 with-unit-price paldies-card">
            <span class="value">2</span>
            <span class="cents">19</span>
            <span class="eur">€</span>
            <span class="unit-price">62.57 €/kg</span>
        </div>
                    <div class="t2">
                <span class="value">3,69</span>
                <span class="eur">€</span>
            </div>
            <div class="t3 with-unit-price">
                <span class="value">3</span>
                <span class="cents">69</span>
                <span class="eur">€</span>
                <span class="unit-price">105.43 €/kg</span>            </div>
            
    <span class="vline"></span>
</div>                    		
        
        
        <div class="tags tags_primary bottom_icons">
                                                            
                                <div data-alt="Atlaide ar PALDIES karti" class="tag tag-soap-2 " style="background-image: url('/uploads/sale/atlaide-ar-paldies-karti-7358.png');                     ">
                </div>
                                                                            
                                <div data-alt="Trendi" class="tag tag-soap-62 " style="background-image: url('/uploads/sale/trendi-7759.png');                     ">
                </div>
                            
                    </div>
        <div class="tags tags_primary info_icon">
            
    <div data-alt="Preču piedāvājums atšķirīgs Maxima veikalos, ar aktuālo akcijas preču piedāvājumu aicinām iepazīties uz vietas veikalā!" class="tag i"></div>

        </div>

        <div class="info-notice">
            


                                                                            </div>

        <div class="img">
          <img alt="Šokolādes groziņi Hazelnut Cream FEASTABLES 40g" src="/uploads/sale/2026/sales_page/01/29//sokolades-grozini-hazelnut-cream-feastables-40g-00276-0129083526.png?1769668526">
        </div>
        <div class="text paldies-card      ">
            <div class="title">Šokolādes groziņi Hazelnut Cream FEASTABLES 40g</div>
            <div class="pack">
                <span class="ptitle"></span>
                <span class="price"> 105.43 €/kg</span>
            </div>
                    </div>
        <div class="infopop">
            <div class="in"><span></span>
                <div class="arrow_top"></div>
                <div class="arrow_bottom"></div>
            </div>
        </div>
    </div>
</div><div class="col-third offer-item">
    <div class="item bl_shadow product-242471 paldies-card  offer-2-l-sp-sku units-price        " data-product-id="242471" data-timeout="84" data-dates-interval="28.01. - 06.05.2026." tabindex="0" role="button">
                                                    <div class="discount price with-unit-price ">
                                                                            <div class="paldies-card-icon with-unit-price">
                        <img src="/images/front/icons/paldies2-icon.png" alt="Paldies">
                    </div>
                                                                                                
                    <div class="t1 with-unit-price paldies-card">
            <span class="value">0</span>
            <span class="cents">69</span>
            <span class="eur">€</span>
            <span class="unit-price">2.09 €/l</span>
        </div>
                    <div class="t2">
                <span class="value">1,25</span>
                <span class="eur">€</span>
            </div>
            <div class="t3 with-unit-price">
                <span class="value">1</span>
                <span class="cents">25</span>
                <span class="eur">€</span>
                <span class="unit-price">3.79 €/l</span>            </div>
            
    <span class="vline"></span>
</div>                    		
        
        
        <div class="tags tags_primary bottom_icons">
                                                            
                                <div data-alt="Atlaide ar PALDIES karti" class="tag tag-soap-2 " style="background-image: url('/uploads/sale/atlaide-ar-paldies-karti-7358.png');                     ">
                </div>
                                                                            
                                <div data-alt="+10 centi depozīta maksa" class="tag tag-soap-9 " style="background-image: url('/uploads/sale/10-centi-depozita-maksa-3937.png');                     ">
                </div>
                                                                            
                                <div data-alt="Trendi" class="tag tag-soap-62 " style="background-image: url('/uploads/sale/trendi-7759.png');                     ">
                </div>
                            
                    </div>
        <div class="tags tags_primary info_icon">
            
    <div data-alt="Preču piedāvājums atšķirīgs Maxima veikalos, ar aktuālo akcijas preču piedāvājumu aicinām iepazīties uz vietas veikalā!" class="tag i"></div>

        </div>

        <div class="info-notice">
            


                                                                                                        </div>

        <div class="img">
          <img alt="Gāzēts dzēriens Wild Berry SCHWEPPES 0,33L D" src="/uploads/sale/2026/sales_page/01/29//gazets-dzeriens-wild-berry-schweppes-0-33l-d-00277-0129083526.png?1769668526">
        </div>
        <div class="text paldies-card      ">
            <div class="title">Gāzēts dzēriens Wild Berry SCHWEPPES 0,33L D</div>
            <div class="pack">
                <span class="ptitle"></span>
                <span class="price"> 3.79 €/l</span>
            </div>
                    </div>
        <div class="infopop">
            <div class="in"><span></span>
                <div class="arrow_top"></div>
                <div class="arrow_bottom"></div>
            </div>
        </div>
    </div>
</div><div class="col-third offer-item">
    <div class="item bl_shadow product-242472 paldies-card  offer-2-l-sp-sku units-price        " data-product-id="242472" data-timeout="84" data-dates-interval="28.01. - 06.05.2026." tabindex="0" role="button">
                                                    <div class="discount price with-unit-price ">
                                                                            <div class="paldies-card-icon with-unit-price">
                        <img src="/images/front/icons/paldies2-icon.png" alt="Paldies">
                    </div>
                                                                                                
                    <div class="t1 with-unit-price paldies-card">
            <span class="value">0</span>
            <span class="cents">69</span>
            <span class="eur">€</span>
            <span class="unit-price">2.09 €/l</span>
        </div>
                    <div class="t2">
                <span class="value">1,25</span>
                <span class="eur">€</span>
            </div>
            <div class="t3 with-unit-price">
                <span class="value">1</span>
                <span class="cents">25</span>
                <span class="eur">€</span>
                <span class="unit-price">3.79 €/l</span>            </div>
            
    <span class="vline"></span>
</div>                    		
        
        
        <div class="tags tags_primary bottom_icons">
                                                            
                                <div data-alt="Atlaide ar PALDIES karti" class="tag tag-soap-2 " style="background-image: url('/uploads/sale/atlaide-ar-paldies-karti-7358.png');                     ">
                </div>
                                                                            
                                <div data-alt="+10 centi depozīta maksa" class="tag tag-soap-9 " style="background-image: url('/uploads/sale/10-centi-depozita-maksa-3937.png');                     ">
                </div>
                                                                            
                                <div data-alt="Trendi" class="tag tag-soap-62 " style="background-image: url('/uploads/sale/trendi-7759.png');                     ">
                </div>
                            
                    </div>
        <div class="tags tags_primary info_icon">
            
    <div data-alt="Preču piedāvājums atšķirīgs Maxima veikalos, ar aktuālo akcijas preču piedāvājumu aicinām iepazīties uz vietas veikalā!" class="tag i"></div>

        </div>

        <div class="info-notice">
            


                                                                                                        </div>

        <div class="img">
          <img alt="Gāzēts dzēriens Citrus Mix SCHWEPPES 0,33L D" src="/uploads/sale/2026/sales_page/01/29//gazets-dzeriens-citrus-mix-schweppes-0-33l-d-00278-0129083527.png?1769668527">
        </div>
        <div class="text paldies-card      ">
            <div class="title">Gāzēts dzēriens Citrus Mix SCHWEPPES 0,33L D</div>
            <div class="pack">
                <span class="ptitle"></span>
                <span class="price"> 3.79 €/l</span>
            </div>
                    </div>
        <div class="infopop">
            <div class="in"><span></span>
                <div class="arrow_top"></div>
                <div class="arrow_bottom"></div>
            </div>
        </div>
    </div>
</div><div class="col-third offer-item">
    <div class="item bl_shadow product-242473 paldies-card  offer-2-l-sp-sku units-price        " data-product-id="242473" data-timeout="84" data-dates-interval="28.01. - 06.05.2026." tabindex="0" role="button">
                                                    <div class="discount price with-unit-price ">
                                                                            <div class="paldies-card-icon with-unit-price">
                        <img src="/images/front/icons/paldies2-icon.png" alt="Paldies">
                    </div>
                                                                                                                                                                
                    <div class="t1 with-unit-price paldies-card">
            <span class="value">1</span>
            <span class="cents">39</span>
            <span class="eur">€</span>
            <span class="unit-price">3.02 €/l</span>
        </div>
                    <div class="t2">
                <span class="value">2,29</span>
                <span class="eur">€</span>
            </div>
            <div class="t3 with-unit-price">
                <span class="value">2</span>
                <span class="cents">29</span>
                <span class="eur">€</span>
                <span class="unit-price">4.98 €/l</span>            </div>
            
    <span class="vline"></span>
</div>                    		
        
        
        <div class="tags tags_primary bottom_icons">
                                                            
                                <div data-alt="Atlaide ar PALDIES karti" class="tag tag-soap-2 " style="background-image: url('/uploads/sale/atlaide-ar-paldies-karti-7358.png');                     ">
                </div>
                                                                            
                                <div data-alt="Prece pieejama MAXIMA XX veikalos" class="tag tag-soap-3 tag-shops" style="background-image: url('/uploads/sale/piedavajums-speka-maxima-xx-veikalos-6057.png');                     ">
                </div>
                                                                            
                                <div data-alt="Prece pieejama MAXIMA XXX veikalos" class="tag tag-soap-4 tag-shops" style="background-image: url('/uploads/sale/piedavajums-speka-maxima-xxx-veikalos-3117.png');                     ">
                </div>
                                                                            
                                <div data-alt="+10 centi depozīta maksa" class="tag tag-soap-9 " style="background-image: url('/uploads/sale/10-centi-depozita-maksa-3937.png');                     ">
                </div>
                                                                            
                                <div data-alt="Trendi" class="tag tag-soap-62 " style="background-image: url('/uploads/sale/trendi-7759.png');                     ">
                </div>
                            
                    </div>
        <div class="tags tags_primary info_icon">
            
    <div data-alt="Preču piedāvājums atšķirīgs Maxima veikalos, ar aktuālo akcijas preču piedāvājumu aicinām iepazīties uz vietas veikalā!" class="tag i"></div>

        </div>

        <div class="info-notice">
            


                                                                                                                                                                </div>

        <div class="img">
          <img alt="Sulas dzēriens Mango JUMEX 0,46L D" src="/uploads/sale/2026/sales_page/01/29//sulas-dzeriens-mango-jumex-0-46l-d-00279-0129083527.png?1769668527">
        </div>
        <div class="text paldies-card      ">
            <div class="title">Sulas dzēriens Mango JUMEX 0,46L D</div>
            <div class="pack">
                <span class="ptitle"></span>
                <span class="price"> 4.98 €/l</span>
            </div>
                    </div>
        <div class="infopop">
            <div class="in"><span></span>
                <div class="arrow_top"></div>
                <div class="arrow_bottom"></div>
            </div>
        </div>
    </div>
</div><div class="col-third offer-item">
    <div class="item bl_shadow product-242474 paldies-card  offer-2-l-sp-sku units-price        " data-product-id="242474" data-timeout="84" data-dates-interval="28.01. - 06.05.2026." tabindex="0" role="button">
                                                    <div class="discount price with-unit-price ">
                                                                            <div class="paldies-card-icon with-unit-price">
                        <img src="/images/front/icons/paldies2-icon.png" alt="Paldies">
                    </div>
                                                                                                                                                                
                    <div class="t1 with-unit-price paldies-card">
            <span class="value">1</span>
            <span class="cents">39</span>
            <span class="eur">€</span>
            <span class="unit-price">3.02 €/l</span>
        </div>
                    <div class="t2">
                <span class="value">2,29</span>
                <span class="eur">€</span>
            </div>
            <div class="t3 with-unit-price">
                <span class="value">2</span>
                <span class="cents">29</span>
                <span class="eur">€</span>
                <span class="unit-price">4.98 €/l</span>            </div>
            
    <span class="vline"></span>
</div>                    		
        
        
        <div class="tags tags_primary bottom_icons">
                                                            
                                <div data-alt="Atlaide ar PALDIES karti" class="tag tag-soap-2 " style="background-image: url('/uploads/sale/atlaide-ar-paldies-karti-7358.png');                     ">
                </div>
                                                                            
                                <div data-alt="Prece pieejama MAXIMA XX veikalos" class="tag tag-soap-3 tag-shops" style="background-image: url('/uploads/sale/piedavajums-speka-maxima-xx-veikalos-6057.png');                     ">
                </div>
                                                                            
                                <div data-alt="Prece pieejama MAXIMA XXX veikalos" class="tag tag-soap-4 tag-shops" style="background-image: url('/uploads/sale/piedavajums-speka-maxima-xxx-veikalos-3117.png');                     ">
                </div>
                                                                            
                                <div data-alt="+10 centi depozīta maksa" class="tag tag-soap-9 " style="background-image: url('/uploads/sale/10-centi-depozita-maksa-3937.png');                     ">
                </div>
                                                                            
                                <div data-alt="Trendi" class="tag tag-soap-62 " style="background-image: url('/uploads/sale/trendi-7759.png');                     ">
                </div>
                            
                    </div>
        <div class="tags tags_primary info_icon">
            
    <div data-alt="Preču piedāvājums atšķirīgs Maxima veikalos, ar aktuālo akcijas preču piedāvājumu aicinām iepazīties uz vietas veikalā!" class="tag i"></div>

        </div>

        <div class="info-notice">
            


                                                                                                                                                                </div>

        <div class="img">
          <img alt="Sulas dzēriens Ananasu JUMEX 0,46L D" src="/uploads/sale/2026/sales_page/01/29//sulas-dzeriens-ananasu-jumex-0-46l-d-00280-0129083527.png?1769668527">
        </div>
        <div class="text paldies-card      ">
            <div class="title">Sulas dzēriens Ananasu JUMEX 0,46L D</div>
            <div class="pack">
                <span class="ptitle"></span>
                <span class="price"> 4.98 €/l</span>
            </div>
                    </div>
        <div class="infopop">
            <div class="in"><span></span>
                <div class="arrow_top"></div>
                <div class="arrow_bottom"></div>
            </div>
        </div>
    </div>
</div><div class="col-third offer-item">
    <div class="item bl_shadow product-242475 paldies-card  offer-2-l-sp-sku units-price        " data-product-id="242475" data-timeout="84" data-dates-interval="28.01. - 06.05.2026." tabindex="0" role="button">
                                                    <div class="discount price with-unit-price ">
                                                                            <div class="paldies-card-icon with-unit-price">
                        <img src="/images/front/icons/paldies2-icon.png" alt="Paldies">
                    </div>
                                                                                                                                                                
                    <div class="t1 with-unit-price paldies-card">
            <span class="value">1</span>
            <span class="cents">39</span>
            <span class="eur">€</span>
            <span class="unit-price">3.02 €/l</span>
        </div>
                    <div class="t2">
                <span class="value">2,29</span>
                <span class="eur">€</span>
            </div>
            <div class="t3 with-unit-price">
                <span class="value">2</span>
                <span class="cents">29</span>
                <span class="eur">€</span>
                <span class="unit-price">4.98 €/l</span>            </div>
            
    <span class="vline"></span>
</div>                    		
        
        
        <div class="tags tags_primary bottom_icons">
                                                            
                                <div data-alt="Atlaide ar PALDIES karti" class="tag tag-soap-2 " style="background-image: url('/uploads/sale/atlaide-ar-paldies-karti-7358.png');                     ">
                </div>
                                                                            
                                <div data-alt="Prece pieejama MAXIMA XX veikalos" class="tag tag-soap-3 tag-shops" style="background-image: url('/uploads/sale/piedavajums-speka-maxima-xx-veikalos-6057.png');                     ">
                </div>
                                                                            
                                <div data-alt="Prece pieejama MAXIMA XXX veikalos" class="tag tag-soap-4 tag-shops" style="background-image: url('/uploads/sale/piedavajums-speka-maxima-xxx-veikalos-3117.png');                     ">
                </div>
                                                                            
                                <div data-alt="+10 centi depozīta maksa" class="tag tag-soap-9 " style="background-image: url('/uploads/sale/10-centi-depozita-maksa-3937.png');                     ">
                </div>
                                                                            
                                <div data-alt="Trendi" class="tag tag-soap-62 " style="background-image: url('/uploads/sale/trendi-7759.png');                     ">
                </div>
                            
                    </div>
        <div class="tags tags_primary info_icon">
            
    <div data-alt="Preču piedāvājums atšķirīgs Maxima veikalos, ar aktuālo akcijas preču piedāvājumu aicinām iepazīties uz vietas veikalā!" class="tag i"></div>

        </div>

        <div class="info-notice">
            


                                                                                                                                                                </div>

        <div class="img">
          <img alt="Sulas dzēriens Persiku JUMEX 0,46L D" src="/uploads/sale/2026/sales_page/01/29//sulas-dzeriens-persiku-jumex-0-46l-d-00281-0129083527.png?1769668527">
        </div>
        <div class="text paldies-card      ">
            <div class="title">Sulas dzēriens Persiku JUMEX 0,46L D</div>
            <div class="pack">
                <span class="ptitle"></span>
                <span class="price"> 4.98 €/l</span>
            </div>
                    </div>
        <div class="infopop">
            <div class="in"><span></span>
                <div class="arrow_top"></div>
                <div class="arrow_bottom"></div>
            </div>
        </div>
    </div>
</div><div class="col-third offer-item">
    <div class="item bl_shadow product-242501 paldies-card  offer-2-l-sp-sku units-price        " data-product-id="242501" data-timeout="84" data-dates-interval="28.01. - 06.05.2026." tabindex="0" role="button">
                                                    <div class="discount price with-unit-price ">
                                                                            <div class="paldies-card-icon with-unit-price">
                        <img src="/images/front/icons/paldies2-icon.png" alt="Paldies">
                    </div>
                                                                                                                                                                
                    <div class="t1 with-unit-price paldies-card">
            <span class="value">4</span>
            <span class="cents">99</span>
            <span class="eur">€</span>
            <span class="unit-price">24.46 €/kg</span>
        </div>
                    <div class="t2">
                <span class="value">6,99</span>
                <span class="eur">€</span>
            </div>
            <div class="t3 with-unit-price">
                <span class="value">6</span>
                <span class="cents">99</span>
                <span class="eur">€</span>
                <span class="unit-price">34.26 €/kg</span>            </div>
            
    <span class="vline"></span>
</div>                    		
        
        
        <div class="tags tags_primary bottom_icons">
                                                            
                                <div data-alt="Atlaide ar PALDIES karti" class="tag tag-soap-2 " style="background-image: url('/uploads/sale/atlaide-ar-paldies-karti-7358.png');                     ">
                </div>
                                                                            
                                <div data-alt="Prece pieejama MAXIMA XX veikalos" class="tag tag-soap-3 tag-shops" style="background-image: url('/uploads/sale/piedavajums-speka-maxima-xx-veikalos-6057.png');                     ">
                </div>
                                                                            
                                <div data-alt="Prece pieejama MAXIMA XXX veikalos" class="tag tag-soap-4 tag-shops" style="background-image: url('/uploads/sale/piedavajums-speka-maxima-xxx-veikalos-3117.png');                     ">
                </div>
                                                                            
                                <div data-alt="Saldēts produkts" class="tag tag-soap-11 " style="background-image: url('/uploads/sale/saldets-produkts-4932.png');                     ">
                </div>
                                                                            
                                <div data-alt="Trendi" class="tag tag-soap-62 " style="background-image: url('/uploads/sale/trendi-7759.png');                     ">
                </div>
                            
                    </div>
        <div class="tags tags_primary info_icon">
            
    <div data-alt="Preču piedāvājums atšķirīgs Maxima veikalos, ar aktuālo akcijas preču piedāvājumu aicinām iepazīties uz vietas veikalā!" class="tag i"></div>

        </div>

        <div class="info-notice">
            


                                                                                                                                                                </div>

        <div class="img">
          <img alt="Saldējums Cookie Dough DOUGHLICIOUS 204g" src="/uploads/sale/2026/sales_page/01/29//saldejums-cookie-dough-doughlicious-204g-00267-0129083532.png?1769668532">
        </div>
        <div class="text paldies-card      ">
            <div class="title">Saldējums Cookie Dough DOUGHLICIOUS 204g</div>
            <div class="pack">
                <span class="ptitle"></span>
                <span class="price"> 34.26 €/kg</span>
            </div>
                    </div>
        <div class="infopop">
            <div class="in"><span></span>
                <div class="arrow_top"></div>
                <div class="arrow_bottom"></div>
            </div>
        </div>
    </div>
</div><div class="col-third offer-item">
    <div class="item bl_shadow product-242502 paldies-card  offer-2-l-sp-sku units-price        " data-product-id="242502" data-timeout="84" data-dates-interval="28.01. - 06.05.2026." tabindex="0" role="button">
                                                    <div class="discount price with-unit-price ">
                                                                            <div class="paldies-card-icon with-unit-price">
                        <img src="/images/front/icons/paldies2-icon.png" alt="Paldies">
                    </div>
                                                                                                                                                                
                    <div class="t1 with-unit-price paldies-card">
            <span class="value">1</span>
            <span class="cents">99</span>
            <span class="eur">€</span>
            <span class="unit-price">4.15 €/l</span>
        </div>
                    <div class="t2">
                <span class="value">2,99</span>
                <span class="eur">€</span>
            </div>
            <div class="t3 with-unit-price">
                <span class="value">2</span>
                <span class="cents">99</span>
                <span class="eur">€</span>
                <span class="unit-price">6.23 €/l</span>            </div>
            
    <span class="vline"></span>
</div>                    		
        
        
        <div class="tags tags_primary bottom_icons">
                                                            
                                <div data-alt="Atlaide ar PALDIES karti" class="tag tag-soap-2 " style="background-image: url('/uploads/sale/atlaide-ar-paldies-karti-7358.png');                     ">
                </div>
                                                                            
                                <div data-alt="Prece pieejama MAXIMA XX veikalos" class="tag tag-soap-3 tag-shops" style="background-image: url('/uploads/sale/piedavajums-speka-maxima-xx-veikalos-6057.png');                     ">
                </div>
                                                                            
                                <div data-alt="Prece pieejama MAXIMA XXX veikalos" class="tag tag-soap-4 tag-shops" style="background-image: url('/uploads/sale/piedavajums-speka-maxima-xxx-veikalos-3117.png');                     ">
                </div>
                                                                            
                                <div data-alt="+10 centi depozīta maksa" class="tag tag-soap-9 " style="background-image: url('/uploads/sale/10-centi-depozita-maksa-3937.png');                     ">
                </div>
                                                                            
                                <div data-alt="Trendi" class="tag tag-soap-62 " style="background-image: url('/uploads/sale/trendi-7759.png');                     ">
                </div>
                            
                    </div>
        <div class="tags tags_primary info_icon">
            
    <div data-alt="Preču piedāvājums atšķirīgs Maxima veikalos, ar aktuālo akcijas preču piedāvājumu aicinām iepazīties uz vietas veikalā!" class="tag i"></div>

        </div>

        <div class="info-notice">
            


                                                                                                                                                                </div>

        <div class="img">
          <img alt="Gāzēts dzēriens Ramune SANGARIA 0,5L D" src="/uploads/sale/2026/sales_page/01/29//gazets-dzeriens-ramune-sangaria-0-5l-d-00268-0129083532.png?1769668532">
        </div>
        <div class="text paldies-card      ">
            <div class="title">Gāzēts dzēriens Ramune SANGARIA 0,5L D</div>
            <div class="pack">
                <span class="ptitle"></span>
                <span class="price"> 6.23 €/l</span>
            </div>
                    </div>
        <div class="infopop">
            <div class="in"><span></span>
                <div class="arrow_top"></div>
                <div class="arrow_bottom"></div>
            </div>
        </div>
    </div>
</div><div class="col-third offer-item">
    <div class="item bl_shadow product-242503 paldies-card  offer-2-l-sp-sku units-price        " data-product-id="242503" data-timeout="84" data-dates-interval="28.01. - 06.05.2026." tabindex="0" role="button">
                                                    <div class="discount price with-unit-price ">
                                                                            <div class="paldies-card-icon with-unit-price">
                        <img src="/images/front/icons/paldies2-icon.png" alt="Paldies">
                    </div>
                                                                                                                                                                
                    <div class="t1 with-unit-price paldies-card">
            <span class="value">1</span>
            <span class="cents">99</span>
            <span class="eur">€</span>
            <span class="unit-price">4.15 €/l</span>
        </div>
                    <div class="t2">
                <span class="value">2,99</span>
                <span class="eur">€</span>
            </div>
            <div class="t3 with-unit-price">
                <span class="value">2</span>
                <span class="cents">99</span>
                <span class="eur">€</span>
                <span class="unit-price">6.23 €/l</span>            </div>
            
    <span class="vline"></span>
</div>                    		
        
        
        <div class="tags tags_primary bottom_icons">
                                                            
                                <div data-alt="Atlaide ar PALDIES karti" class="tag tag-soap-2 " style="background-image: url('/uploads/sale/atlaide-ar-paldies-karti-7358.png');                     ">
                </div>
                                                                            
                                <div data-alt="Prece pieejama MAXIMA XX veikalos" class="tag tag-soap-3 tag-shops" style="background-image: url('/uploads/sale/piedavajums-speka-maxima-xx-veikalos-6057.png');                     ">
                </div>
                                                                            
                                <div data-alt="Prece pieejama MAXIMA XXX veikalos" class="tag tag-soap-4 tag-shops" style="background-image: url('/uploads/sale/piedavajums-speka-maxima-xxx-veikalos-3117.png');                     ">
                </div>
                                                                            
                                <div data-alt="+10 centi depozīta maksa" class="tag tag-soap-9 " style="background-image: url('/uploads/sale/10-centi-depozita-maksa-3937.png');                     ">
                </div>
                                                                            
                                <div data-alt="Trendi" class="tag tag-soap-62 " style="background-image: url('/uploads/sale/trendi-7759.png');                     ">
                </div>
                            
                    </div>
        <div class="tags tags_primary info_icon">
            
    <div data-alt="Preču piedāvājums atšķirīgs Maxima veikalos, ar aktuālo akcijas preču piedāvājumu aicinām iepazīties uz vietas veikalā!" class="tag i"></div>

        </div>

        <div class="info-notice">
            


                                                                                                                                                                </div>

        <div class="img">
          <img alt="Gāzēts dzēriens Grape SANGARIA 0,5L D" src="/uploads/sale/2026/sales_page/01/29//gazets-dzeriens-grape-sangaria-0-5l-d-00269-0129083532.png?1769668532">
        </div>
        <div class="text paldies-card      ">
            <div class="title">Gāzēts dzēriens Grape SANGARIA 0,5L D</div>
            <div class="pack">
                <span class="ptitle"></span>
                <span class="price"> 6.23 €/l</span>
            </div>
                    </div>
        <div class="infopop">
            <div class="in"><span></span>
                <div class="arrow_top"></div>
                <div class="arrow_bottom"></div>
            </div>
        </div>
    </div>
</div><div class="col-third offer-item">
    <div class="item bl_shadow product-242504 paldies-card  offer-2-l-sp-sku units-price        " data-product-id="242504" data-timeout="84" data-dates-interval="28.01. - 06.05.2026." tabindex="0" role="button">
                                                    <div class="discount price with-unit-price ">
                                                                            <div class="paldies-card-icon with-unit-price">
                        <img src="/images/front/icons/paldies2-icon.png" alt="Paldies">
                    </div>
                                                                                                                                                                
                    <div class="t1 with-unit-price paldies-card">
            <span class="value">6</span>
            <span class="cents">99</span>
            <span class="eur">€</span>
            <span class="unit-price">9.99 €/kg</span>
        </div>
                    <div class="t2">
                <span class="value">9,99</span>
                <span class="eur">€</span>
            </div>
            <div class="t3 with-unit-price">
                <span class="value">9</span>
                <span class="cents">99</span>
                <span class="eur">€</span>
                <span class="unit-price">14.27 €/kg</span>            </div>
            
    <span class="vline"></span>
</div>                    		
        
        
        <div class="tags tags_primary bottom_icons">
                                                            
                                <div data-alt="Atlaide ar PALDIES karti" class="tag tag-soap-2 " style="background-image: url('/uploads/sale/atlaide-ar-paldies-karti-7358.png');                     ">
                </div>
                                                                            
                                <div data-alt="Prece pieejama MAXIMA XX veikalos" class="tag tag-soap-3 tag-shops" style="background-image: url('/uploads/sale/piedavajums-speka-maxima-xx-veikalos-6057.png');                     ">
                </div>
                                                                            
                                <div data-alt="Prece pieejama MAXIMA XXX veikalos" class="tag tag-soap-4 tag-shops" style="background-image: url('/uploads/sale/piedavajums-speka-maxima-xxx-veikalos-3117.png');                     ">
                </div>
                                                                            
                                <div data-alt="Saldēts produkts" class="tag tag-soap-11 " style="background-image: url('/uploads/sale/saldets-produkts-4932.png');                     ">
                </div>
                                                                            
                                <div data-alt="Trendi" class="tag tag-soap-62 " style="background-image: url('/uploads/sale/trendi-7759.png');                     ">
                </div>
                            
                    </div>
        <div class="tags tags_primary info_icon">
            
    <div data-alt="Preču piedāvājums atšķirīgs Maxima veikalos, ar aktuālo akcijas preču piedāvājumu aicinām iepazīties uz vietas veikalā!" class="tag i"></div>

        </div>

        <div class="info-notice">
            


                                                                                                                                                                </div>

        <div class="img">
          <img alt="Saldēti pelmeņi ar kimči BULDAK 700g" src="/uploads/sale/2026/sales_page/01/29//saldeti-pelmeni-ar-kimci-buldak-700g-00270-0129083532.png?1769668532">
        </div>
        <div class="text paldies-card      ">
            <div class="title">Saldēti pelmeņi ar kimči BULDAK 700g</div>
            <div class="pack">
                <span class="ptitle"></span>
                <span class="price"> 14.27 €/kg</span>
            </div>
                    </div>
        <div class="infopop">
            <div class="in"><span></span>
                <div class="arrow_top"></div>
                <div class="arrow_bottom"></div>
            </div>
        </div>
    </div>
</div><div class="col-third offer-item">
    <div class="item bl_shadow product-242505 paldies-card  offer-2-l-sp-sku units-price        " data-product-id="242505" data-timeout="84" data-dates-interval="28.01. - 06.05.2026." tabindex="0" role="button">
                                                    <div class="discount price with-unit-price ">
                                                                            <div class="paldies-card-icon with-unit-price">
                        <img src="/images/front/icons/paldies2-icon.png" alt="Paldies">
                    </div>
                                                                                                                                                                
                    <div class="t1 with-unit-price paldies-card">
            <span class="value">1</span>
            <span class="cents">99</span>
            <span class="eur">€</span>
            <span class="unit-price">4.15 €/l</span>
        </div>
                    <div class="t2">
                <span class="value">2,99</span>
                <span class="eur">€</span>
            </div>
            <div class="t3 with-unit-price">
                <span class="value">2</span>
                <span class="cents">99</span>
                <span class="eur">€</span>
                <span class="unit-price">6.23 €/l</span>            </div>
            
    <span class="vline"></span>
</div>                    		
        
        
        <div class="tags tags_primary bottom_icons">
                                                            
                                <div data-alt="Atlaide ar PALDIES karti" class="tag tag-soap-2 " style="background-image: url('/uploads/sale/atlaide-ar-paldies-karti-7358.png');                     ">
                </div>
                                                                            
                                <div data-alt="Prece pieejama MAXIMA XX veikalos" class="tag tag-soap-3 tag-shops" style="background-image: url('/uploads/sale/piedavajums-speka-maxima-xx-veikalos-6057.png');                     ">
                </div>
                                                                            
                                <div data-alt="Prece pieejama MAXIMA XXX veikalos" class="tag tag-soap-4 tag-shops" style="background-image: url('/uploads/sale/piedavajums-speka-maxima-xxx-veikalos-3117.png');                     ">
                </div>
                                                                            
                                <div data-alt="+10 centi depozīta maksa" class="tag tag-soap-9 " style="background-image: url('/uploads/sale/10-centi-depozita-maksa-3937.png');                     ">
                </div>
                                                                            
                                <div data-alt="Trendi" class="tag tag-soap-62 " style="background-image: url('/uploads/sale/trendi-7759.png');                     ">
                </div>
                            
                    </div>
        <div class="tags tags_primary info_icon">
            
    <div data-alt="Preču piedāvājums atšķirīgs Maxima veikalos, ar aktuālo akcijas preču piedāvājumu aicinām iepazīties uz vietas veikalā!" class="tag i"></div>

        </div>

        <div class="info-notice">
            


                                                                                                                                                                </div>

        <div class="img">
          <img alt="Gāzēts dzēriens Melons. SANGARIA 0,5L D" src="/uploads/sale/2026/sales_page/01/29//gazets-dzeriens-melons-sangaria-0-5l-d-00271-0129083532.png?1769668532">
        </div>
        <div class="text paldies-card      ">
            <div class="title">Gāzēts dzēriens Melons. SANGARIA 0,5L D</div>
            <div class="pack">
                <span class="ptitle"></span>
                <span class="price"> 6.23 €/l</span>
            </div>
                    </div>
        <div class="infopop">
            <div class="in"><span></span>
                <div class="arrow_top"></div>
                <div class="arrow_bottom"></div>
            </div>
        </div>
    </div>
</div><div class="col-third offer-item">
    <div class="item bl_shadow product-242466 paldies-card  offer-2-l-sp-sku units-price        " data-product-id="242466" data-timeout="84" data-dates-interval="28.01. - 06.05.2026." tabindex="0" role="button">
                                                    <div class="discount price with-unit-price ">
                                                                            <div class="paldies-card-icon with-unit-price">
                        <img src="/images/front/icons/paldies2-icon.png" alt="Paldies">
                    </div>
                                                                
                    <div class="t1 with-unit-price paldies-card">
            <span class="value">2</span>
            <span class="cents">99</span>
            <span class="eur">€</span>
            <span class="unit-price">24.92 €/kg</span>
        </div>
                    <div class="t2">
                <span class="value">3,99</span>
                <span class="eur">€</span>
            </div>
            <div class="t3 with-unit-price">
                <span class="value">3</span>
                <span class="cents">99</span>
                <span class="eur">€</span>
                <span class="unit-price">33.25 €/kg</span>            </div>
            
    <span class="vline"></span>
</div>                    		
        
        
        <div class="tags tags_primary bottom_icons">
                                                            
                                <div data-alt="Atlaide ar PALDIES karti" class="tag tag-soap-2 " style="background-image: url('/uploads/sale/atlaide-ar-paldies-karti-7358.png');                     ">
                </div>
                                                                            
                                <div data-alt="Trendi" class="tag tag-soap-62 " style="background-image: url('/uploads/sale/trendi-7759.png');                     ">
                </div>
                            
                    </div>
        <div class="tags tags_primary info_icon">
            
    <div data-alt="Preču piedāvājums atšķirīgs Maxima veikalos, ar aktuālo akcijas preču piedāvājumu aicinām iepazīties uz vietas veikalā!" class="tag i"></div>

        </div>

        <div class="info-notice">
            


                                                                            </div>

        <div class="img">
          <img alt="Krekeri Snap'd Double Cheese CHEEZ IT 120g" src="/uploads/sale/2026/sales_page/01/29//krekeri-snap-d-double-cheese-cheez-it-120g-00272-0129083526.png?1769668526">
        </div>
        <div class="text paldies-card      ">
            <div class="title">Krekeri Snap'd Double Cheese CHEEZ IT 120g</div>
            <div class="pack">
                <span class="ptitle"></span>
                <span class="price"> 33.25 €/kg</span>
            </div>
                    </div>
        <div class="infopop">
            <div class="in"><span></span>
                <div class="arrow_top"></div>
                <div class="arrow_bottom"></div>
            </div>
        </div>
    </div>
</div><div class="col-third offer-item">
    <div class="item bl_shadow product-242467 paldies-card  offer-2-l-sp-sku units-price        " data-product-id="242467" data-timeout="84" data-dates-interval="28.01. - 06.05.2026." tabindex="0" role="button">
                                                    <div class="discount price with-unit-price ">
                                                                            <div class="paldies-card-icon with-unit-price">
                        <img src="/images/front/icons/paldies2-icon.png" alt="Paldies">
                    </div>
                                                                
                    <div class="t1 with-unit-price paldies-card">
            <span class="value">2</span>
            <span class="cents">99</span>
            <span class="eur">€</span>
            <span class="unit-price">24.92 €/kg</span>
        </div>
                    <div class="t2">
                <span class="value">3,99</span>
                <span class="eur">€</span>
            </div>
            <div class="t3 with-unit-price">
                <span class="value">3</span>
                <span class="cents">99</span>
                <span class="eur">€</span>
                <span class="unit-price">33.25 €/kg</span>            </div>
            
    <span class="vline"></span>
</div>                    		
        
        
        <div class="tags tags_primary bottom_icons">
                                                            
                                <div data-alt="Atlaide ar PALDIES karti" class="tag tag-soap-2 " style="background-image: url('/uploads/sale/atlaide-ar-paldies-karti-7358.png');                     ">
                </div>
                                                                            
                                <div data-alt="Trendi" class="tag tag-soap-62 " style="background-image: url('/uploads/sale/trendi-7759.png');                     ">
                </div>
                            
                    </div>
        <div class="tags tags_primary info_icon">
            
    <div data-alt="Preču piedāvājums atšķirīgs Maxima veikalos, ar aktuālo akcijas preču piedāvājumu aicinām iepazīties uz vietas veikalā!" class="tag i"></div>

        </div>

        <div class="info-notice">
            


                                                                            </div>

        <div class="img">
          <img alt="Krekeri Snap'd Cheese&amp;Chili CHEEZ IT 120g" src="/uploads/sale/2026/sales_page/01/29//krekeri-snap-d-cheese-chili-cheez-it-120g-00273-0129083526.png?1769668526">
        </div>
        <div class="text paldies-card      ">
            <div class="title">Krekeri Snap'd Cheese&amp;Chili CHEEZ IT 120g</div>
            <div class="pack">
                <span class="ptitle"></span>
                <span class="price"> 33.25 €/kg</span>
            </div>
                    </div>
        <div class="infopop">
            <div class="in"><span></span>
                <div class="arrow_top"></div>
                <div class="arrow_bottom"></div>
            </div>
        </div>
    </div>
</div><div class="col-third offer-item">
    <div class="item bl_shadow product-242468 paldies-card  offer-2-l-sp-sku units-price        " data-product-id="242468" data-timeout="84" data-dates-interval="28.01. - 06.05.2026." tabindex="0" role="button">
                                                    <div class="discount price with-unit-price ">
                                                                            <div class="paldies-card-icon with-unit-price">
                        <img src="/images/front/icons/paldies2-icon.png" alt="Paldies">
                    </div>
                                                                                                
                    <div class="t1 with-unit-price paldies-card">
            <span class="value">0</span>
            <span class="cents">69</span>
            <span class="eur">€</span>
            <span class="unit-price">2.09 €/l</span>
        </div>
                    <div class="t2">
                <span class="value">1,25</span>
                <span class="eur">€</span>
            </div>
            <div class="t3 with-unit-price">
                <span class="value">1</span>
                <span class="cents">25</span>
                <span class="eur">€</span>
                <span class="unit-price">3.79 €/l</span>            </div>
            
    <span class="vline"></span>
</div>                    		
        
        
        <div class="tags tags_primary bottom_icons">
                                                            
                                <div data-alt="Atlaide ar PALDIES karti" class="tag tag-soap-2 " style="background-image: url('/uploads/sale/atlaide-ar-paldies-karti-7358.png');                     ">
                </div>
                                                                            
                                <div data-alt="+10 centi depozīta maksa" class="tag tag-soap-9 " style="background-image: url('/uploads/sale/10-centi-depozita-maksa-3937.png');                     ">
                </div>
                                                                            
                                <div data-alt="Trendi" class="tag tag-soap-62 " style="background-image: url('/uploads/sale/trendi-7759.png');                     ">
                </div>
                            
                    </div>
        <div class="tags tags_primary info_icon">
            
    <div data-alt="Preču piedāvājums atšķirīgs Maxima veikalos, ar aktuālo akcijas preču piedāvājumu aicinām iepazīties uz vietas veikalā!" class="tag i"></div>

        </div>

        <div class="info-notice">
            


                                                                                                        </div>

        <div class="img">
          <img alt="Gāzēts dzēriens Mojito SCHWEPPES 0,33L D" src="/uploads/sale/2026/sales_page/01/29//gazets-dzeriens-mojito-schweppes-0-33l-d-00274-0129083526.png?1769668526">
        </div>
        <div class="text paldies-card      ">
            <div class="title">Gāzēts dzēriens Mojito SCHWEPPES 0,33L D</div>
            <div class="pack">
                <span class="ptitle"></span>
                <span class="price"> 3.79 €/l</span>
            </div>
                    </div>
        <div class="infopop">
            <div class="in"><span></span>
                <div class="arrow_top"></div>
                <div class="arrow_bottom"></div>
            </div>
        </div>
    </div>
</div><div class="col-third offer-item">
    <div class="item bl_shadow product-242469 paldies-card  offer-2-l-sp-sku units-price        " data-product-id="242469" data-timeout="84" data-dates-interval="28.01. - 06.05.2026." tabindex="0" role="button">
                                                    <div class="discount price with-unit-price ">
                                                                            <div class="paldies-card-icon with-unit-price">
                        <img src="/images/front/icons/paldies2-icon.png" alt="Paldies">
                    </div>
                                                                
                    <div class="t1 with-unit-price paldies-card">
            <span class="value">2</span>
            <span class="cents">19</span>
            <span class="eur">€</span>
            <span class="unit-price">62.57 €/kg</span>
        </div>
                    <div class="t2">
                <span class="value">3,69</span>
                <span class="eur">€</span>
            </div>
            <div class="t3 with-unit-price">
                <span class="value">3</span>
                <span class="cents">69</span>
                <span class="eur">€</span>
                <span class="unit-price">105.43 €/kg</span>            </div>
            
    <span class="vline"></span>
</div>                    		
        
        
        <div class="tags tags_primary bottom_icons">
                                                            
                                <div data-alt="Atlaide ar PALDIES karti" class="tag tag-soap-2 " style="background-image: url('/uploads/sale/atlaide-ar-paldies-karti-7358.png');                     ">
                </div>
                                                                            
                                <div data-alt="Trendi" class="tag tag-soap-62 " style="background-image: url('/uploads/sale/trendi-7759.png');                     ">
                </div>
                            
                    </div>
        <div class="tags tags_primary info_icon">
            
    <div data-alt="Preču piedāvājums atšķirīgs Maxima veikalos, ar aktuālo akcijas preču piedāvājumu aicinām iepazīties uz vietas veikalā!" class="tag i"></div>

        </div>

        <div class="info-notice">
            


                                                                            </div>

        <div class="img">
          <img alt="Šokolādes groziņi Peanut FEASTABLES 40g" src="/uploads/sale/2026/sales_page/01/29//sokolades-grozini-peanut-feastables-40g-00275-0129083526.png?1769668526">
        </div>
        <div class="text paldies-card      ">
            <div class="title">Šokolādes groziņi Peanut FEASTABLES 40g</div>
            <div class="pack">
                <span class="ptitle"></span>
                <span class="price"> 105.43 €/kg</span>
            </div>
                    </div>
        <div class="infopop">
            <div class="in"><span></span>
                <div class="arrow_top"></div>
                <div class="arrow_bottom"></div>
            </div>
        </div>
    </div>
</div><div class="col-third offer-item">
    <div class="item bl_shadow product-242470 paldies-card  offer-2-l-sp-sku units-price        " data-product-id="242470" data-timeout="84" data-dates-interval="28.01. - 06.05.2026." tabindex="0" role="button">
                                                    <div class="discount price with-unit-price ">
                                                                            <div class="paldies-card-icon with-unit-price">
                        <img src="/images/front/icons/paldies2-icon.png" alt="Paldies">
                    </div>
                                                                
                    <div class="t1 with-unit-price paldies-card">
            <span class="value">2</span>
            <span class="cents">19</span>
            <span class="eur">€</span>
            <span class="unit-price">62.57 €/kg</span>
        </div>
                    <div class="t2">
                <span class="value">3,69</span>
                <span class="eur">€</span>
            </div>
            <div class="t3 with-unit-price">
                <span class="value">3</span>
                <span class="cents">69</span>
                <span class="eur">€</span>
                <span class="unit-price">105.43 €/kg</span>            </div>
            
    <span class="vline"></span>
</div>                    		
        
        
        <div class="tags tags_primary bottom_icons">
                                                            
                                <div data-alt="Atlaide ar PALDIES karti" class="tag tag-soap-2 " style="background-image: url('/uploads/sale/atlaide-ar-paldies-karti-7358.png');                     ">
                </div>
                                                                            
                                <div data-alt="Trendi" class="tag tag-soap-62 " style="background-image: url('/uploads/sale/trendi-7759.png');                     ">
                </div>
                            
                    </div>
        <div class="tags tags_primary info_icon">
            
    <div data-alt="Preču piedāvājums atšķirīgs Maxima veikalos, ar aktuālo akcijas preču piedāvājumu aicinām iepazīties uz vietas veikalā!" class="tag i"></div>

        </div>

        <div class="info-notice">
            


                                                                            </div>

        <div class="img">
          <img alt="Šokolādes groziņi Hazelnut Cream FEASTABLES 40g" src="/uploads/sale/2026/sales_page/01/29//sokolades-grozini-hazelnut-cream-feastables-40g-00276-0129083526.png?1769668526">
        </div>
        <div class="text paldies-card      ">
            <div class="title">Šokolādes groziņi Hazelnut Cream FEASTABLES 40g</div>
            <div class="pack">
                <span class="ptitle"></span>
                <span class="price"> 105.43 €/kg</span>
            </div>
                    </div>
        <div class="infopop">
            <div class="in"><span></span>
                <div class="arrow_top"></div>
                <div class="arrow_bottom"></div>
            </div>
        </div>
    </div>
</div><div class="col-third offer-item">
    <div class="item bl_shadow product-242471 paldies-card  offer-2-l-sp-sku units-price        " data-product-id="242471" data-timeout="84" data-dates-interval="28.01. - 06.05.2026." tabindex="0" role="button">
                                                    <div class="discount price with-unit-price ">
                                                                            <div class="paldies-card-icon with-unit-price">
                        <img src="/images/front/icons/paldies2-icon.png" alt="Paldies">
                    </div>
                                                                                                
                    <div class="t1 with-unit-price paldies-card">
            <span class="value">0</span>
            <span class="cents">69</span>
            <span class="eur">€</span>
            <span class="unit-price">2.09 €/l</span>
        </div>
                    <div class="t2">
                <span class="value">1,25</span>
                <span class="eur">€</span>
            </div>
            <div class="t3 with-unit-price">
                <span class="value">1</span>
                <span class="cents">25</span>
                <span class="eur">€</span>
                <span class="unit-price">3.79 €/l</span>            </div>
            
    <span class="vline"></span>
</div>                    		
        
        
        <div class="tags tags_primary bottom_icons">
                                                            
                                <div data-alt="Atlaide ar PALDIES karti" class="tag tag-soap-2 " style="background-image: url('/uploads/sale/atlaide-ar-paldies-karti-7358.png');                     ">
                </div>
                                                                            
                                <div data-alt="+10 centi depozīta maksa" class="tag tag-soap-9 " style="background-image: url('/uploads/sale/10-centi-depozita-maksa-3937.png');                     ">
                </div>
                                                                            
                                <div data-alt="Trendi" class="tag tag-soap-62 " style="background-image: url('/uploads/sale/trendi-7759.png');                     ">
                </div>
                            
                    </div>
        <div class="tags tags_primary info_icon">
            
    <div data-alt="Preču piedāvājums atšķirīgs Maxima veikalos, ar aktuālo akcijas preču piedāvājumu aicinām iepazīties uz vietas veikalā!" class="tag i"></div>

        </div>

        <div class="info-notice">
            


                                                                                                        </div>

        <div class="img">
          <img alt="Gāzēts dzēriens Wild Berry SCHWEPPES 0,33L D" src="/uploads/sale/2026/sales_page/01/29//gazets-dzeriens-wild-berry-schweppes-0-33l-d-00277-0129083526.png?1769668526">
        </div>
        <div class="text paldies-card      ">
            <div class="title">Gāzēts dzēriens Wild Berry SCHWEPPES 0,33L D</div>
            <div class="pack">
                <span class="ptitle"></span>
                <span class="price"> 3.79 €/l</span>
            </div>
                    </div>
        <div class="infopop">
            <div class="in"><span></span>
                <div class="arrow_top"></div>
                <div class="arrow_bottom"></div>
            </div>
        </div>
    </div>
</div><div class="col-third offer-item">
    <div class="item bl_shadow product-242472 paldies-card  offer-2-l-sp-sku units-price        " data-product-id="242472" data-timeout="84" data-dates-interval="28.01. - 06.05.2026." tabindex="0" role="button">
                                                    <div class="discount price with-unit-price ">
                                                                            <div class="paldies-card-icon with-unit-price">
                        <img src="/images/front/icons/paldies2-icon.png" alt="Paldies">
                    </div>
                                                                                                
                    <div class="t1 with-unit-price paldies-card">
            <span class="value">0</span>
            <span class="cents">69</span>
            <span class="eur">€</span>
            <span class="unit-price">2.09 €/l</span>
        </div>
                    <div class="t2">
                <span class="value">1,25</span>
                <span class="eur">€</span>
            </div>
            <div class="t3 with-unit-price">
                <span class="value">1</span>
                <span class="cents">25</span>
                <span class="eur">€</span>
                <span class="unit-price">3.79 €/l</span>            </div>
            
    <span class="vline"></span>
</div>                    		
        
        
        <div class="tags tags_primary bottom_icons">
                                                            
                                <div data-alt="Atlaide ar PALDIES karti" class="tag tag-soap-2 " style="background-image: url('/uploads/sale/atlaide-ar-paldies-karti-7358.png');                     ">
                </div>
                                                                            
                                <div data-alt="+10 centi depozīta maksa" class="tag tag-soap-9 " style="background-image: url('/uploads/sale/10-centi-depozita-maksa-3937.png');                     ">
                </div>
                                                                            
                                <div data-alt="Trendi" class="tag tag-soap-62 " style="background-image: url('/uploads/sale/trendi-7759.png');                     ">
                </div>
                            
                    </div>
        <div class="tags tags_primary info_icon">
            
    <div data-alt="Preču piedāvājums atšķirīgs Maxima veikalos, ar aktuālo akcijas preču piedāvājumu aicinām iepazīties uz vietas veikalā!" class="tag i"></div>

        </div>

        <div class="info-notice">
            


                                                                                                        </div>

        <div class="img">
          <img alt="Gāzēts dzēriens Citrus Mix SCHWEPPES 0,33L D" src="/uploads/sale/2026/sales_page/01/29//gazets-dzeriens-citrus-mix-schweppes-0-33l-d-00278-0129083527.png?1769668527">
        </div>
        <div class="text paldies-card      ">
            <div class="title">Gāzēts dzēriens Citrus Mix SCHWEPPES 0,33L D</div>
            <div class="pack">
                <span class="ptitle"></span>
                <span class="price"> 3.79 €/l</span>
            </div>
                    </div>
        <div class="infopop">
            <div class="in"><span></span>
                <div class="arrow_top"></div>
                <div class="arrow_bottom"></div>
            </div>
        </div>
    </div>
</div><div class="col-third offer-item">
    <div class="item bl_shadow product-242473 paldies-card  offer-2-l-sp-sku units-price        " data-product-id="242473" data-timeout="84" data-dates-interval="28.01. - 06.05.2026." tabindex="0" role="button">
                                                    <div class="discount price with-unit-price ">
                                                                            <div class="paldies-card-icon with-unit-price">
                        <img src="/images/front/icons/paldies2-icon.png" alt="Paldies">
                    </div>
                                                                                                                                                                
                    <div class="t1 with-unit-price paldies-card">
            <span class="value">1</span>
            <span class="cents">39</span>
            <span class="eur">€</span>
            <span class="unit-price">3.02 €/l</span>
        </div>
                    <div class="t2">
                <span class="value">2,29</span>
                <span class="eur">€</span>
            </div>
            <div class="t3 with-unit-price">
                <span class="value">2</span>
                <span class="cents">29</span>
                <span class="eur">€</span>
                <span class="unit-price">4.98 €/l</span>            </div>
            
    <span class="vline"></span>
</div>                    		
        
        
        <div class="tags tags_primary bottom_icons">
                                                            
                                <div data-alt="Atlaide ar PALDIES karti" class="tag tag-soap-2 " style="background-image: url('/uploads/sale/atlaide-ar-paldies-karti-7358.png');                     ">
                </div>
                                                                            
                                <div data-alt="Prece pieejama MAXIMA XX veikalos" class="tag tag-soap-3 tag-shops" style="background-image: url('/uploads/sale/piedavajums-speka-maxima-xx-veikalos-6057.png');                     ">
                </div>
                                                                            
                                <div data-alt="Prece pieejama MAXIMA XXX veikalos" class="tag tag-soap-4 tag-shops" style="background-image: url('/uploads/sale/piedavajums-speka-maxima-xxx-veikalos-3117.png');                     ">
                </div>
                                                                            
                                <div data-alt="+10 centi depozīta maksa" class="tag tag-soap-9 " style="background-image: url('/uploads/sale/10-centi-depozita-maksa-3937.png');                     ">
                </div>
                                                                            
                                <div data-alt="Trendi" class="tag tag-soap-62 " style="background-image: url('/uploads/sale/trendi-7759.png');                     ">
                </div>
                            
                    </div>
        <div class="tags tags_primary info_icon">
            
    <div data-alt="Preču piedāvājums atšķirīgs Maxima veikalos, ar aktuālo akcijas preču piedāvājumu aicinām iepazīties uz vietas veikalā!" class="tag i"></div>

        </div>

        <div class="info-notice">
            


                                                                                                                                                                </div>

        <div class="img">
          <img alt="Sulas dzēriens Mango JUMEX 0,46L D" src="/uploads/sale/2026/sales_page/01/29//sulas-dzeriens-mango-jumex-0-46l-d-00279-0129083527.png?1769668527">
        </div>
        <div class="text paldies-card      ">
            <div class="title">Sulas dzēriens Mango JUMEX 0,46L D</div>
            <div class="pack">
                <span class="ptitle"></span>
                <span class="price"> 4.98 €/l</span>
            </div>
                    </div>
        <div class="infopop">
            <div class="in"><span></span>
                <div class="arrow_top"></div>
                <div class="arrow_bottom"></div>
            </div>
        </div>
    </div>
</div><div class="col-third offer-item">
    <div class="item bl_shadow product-242474 paldies-card  offer-2-l-sp-sku units-price        " data-product-id="242474" data-timeout="84" data-dates-interval="28.01. - 06.05.2026." tabindex="0" role="button">
                                                    <div class="discount price with-unit-price ">
                                                                            <div class="paldies-card-icon with-unit-price">
                        <img src="/images/front/icons/paldies2-icon.png" alt="Paldies">
                    </div>
                                                                                                                                                                
                    <div class="t1 with-unit-price paldies-card">
            <span class="value">1</span>
            <span class="cents">39</span>
            <span class="eur">€</span>
            <span class="unit-price">3.02 €/l</span>
        </div>
                    <div class="t2">
                <span class="value">2,29</span>
                <span class="eur">€</span>
            </div>
            <div class="t3 with-unit-price">
                <span class="value">2</span>
                <span class="cents">29</span>
                <span class="eur">€</span>
                <span class="unit-price">4.98 €/l</span>            </div>
            
    <span class="vline"></span>
</div>                    		
        
        
        <div class="tags tags_primary bottom_icons">
                                                            
                                <div data-alt="Atlaide ar PALDIES karti" class="tag tag-soap-2 " style="background-image: url('/uploads/sale/atlaide-ar-paldies-karti-7358.png');                     ">
                </div>
                                                                            
                                <div data-alt="Prece pieejama MAXIMA XX veikalos" class="tag tag-soap-3 tag-shops" style="background-image: url('/uploads/sale/piedavajums-speka-maxima-xx-veikalos-6057.png');                     ">
                </div>
                                                                            
                                <div data-alt="Prece pieejama MAXIMA XXX veikalos" class="tag tag-soap-4 tag-shops" style="background-image: url('/uploads/sale/piedavajums-speka-maxima-xxx-veikalos-3117.png');                     ">
                </div>
                                                                            
                                <div data-alt="+10 centi depozīta maksa" class="tag tag-soap-9 " style="background-image: url('/uploads/sale/10-centi-depozita-maksa-3937.png');                     ">
                </div>
                                                                            
                                <div data-alt="Trendi" class="tag tag-soap-62 " style="background-image: url('/uploads/sale/trendi-7759.png');                     ">
                </div>
                            
                    </div>
        <div class="tags tags_primary info_icon">
            
    <div data-alt="Preču piedāvājums atšķirīgs Maxima veikalos, ar aktuālo akcijas preču piedāvājumu aicinām iepazīties uz vietas veikalā!" class="tag i"></div>

        </div>

        <div class="info-notice">
            


                                                                                                                                                                </div>

        <div class="img">
          <img alt="Sulas dzēriens Ananasu JUMEX 0,46L D" src="/uploads/sale/2026/sales_page/01/29//sulas-dzeriens-ananasu-jumex-0-46l-d-00280-0129083527.png?1769668527">
        </div>
        <div class="text paldies-card      ">
            <div class="title">Sulas dzēriens Ananasu JUMEX 0,46L D</div>
            <div class="pack">
                <span class="ptitle"></span>
                <span class="price"> 4.98 €/l</span>
            </div>
                    </div>
        <div class="infopop">
            <div class="in"><span></span>
                <div class="arrow_top"></div>
                <div class="arrow_bottom"></div>
            </div>
        </div>
    </div>
</div><div class="col-third offer-item">
    <div class="item bl_shadow product-242475 paldies-card  offer-2-l-sp-sku units-price        " data-product-id="242475" data-timeout="84" data-dates-interval="28.01. - 06.05.2026." tabindex="0" role="button">
                                                    <div class="discount price with-unit-price ">
                                                                            <div class="paldies-card-icon with-unit-price">
                        <img src="/images/front/icons/paldies2-icon.png" alt="Paldies">
                    </div>
                                                                                                                                                                
                    <div class="t1 with-unit-price paldies-card">
            <span class="value">1</span>
            <span class="cents">39</span>
            <span class="eur">€</span>
            <span class="unit-price">3.02 €/l</span>
        </div>
                    <div class="t2">
                <span class="value">2,29</span>
                <span class="eur">€</span>
            </div>
            <div class="t3 with-unit-price">
                <span class="value">2</span>
                <span class="cents">29</span>
                <span class="eur">€</span>
                <span class="unit-price">4.98 €/l</span>            </div>
            
    <span class="vline"></span>
</div>                    		
        
        
        <div class="tags tags_primary bottom_icons">
                                                            
                                <div data-alt="Atlaide ar PALDIES karti" class="tag tag-soap-2 " style="background-image: url('/uploads/sale/atlaide-ar-paldies-karti-7358.png');                     ">
                </div>
                                                                            
                                <div data-alt="Prece pieejama MAXIMA XX veikalos" class="tag tag-soap-3 tag-shops" style="background-image: url('/uploads/sale/piedavajums-speka-maxima-xx-veikalos-6057.png');                     ">
                </div>
                                                                            
                                <div data-alt="Prece pieejama MAXIMA XXX veikalos" class="tag tag-soap-4 tag-shops" style="background-image: url('/uploads/sale/piedavajums-speka-maxima-xxx-veikalos-3117.png');                     ">
                </div>
                                                                            
                                <div data-alt="+10 centi depozīta maksa" class="tag tag-soap-9 " style="background-image: url('/uploads/sale/10-centi-depozita-maksa-3937.png');                     ">
                </div>
                                                                            
                                <div data-alt="Trendi" class="tag tag-soap-62 " style="background-image: url('/uploads/sale/trendi-7759.png');                     ">
                </div>
                            
                    </div>
        <div class="tags tags_primary info_icon">
            
    <div data-alt="Preču piedāvājums atšķirīgs Maxima veikalos, ar aktuālo akcijas preču piedāvājumu aicinām iepazīties uz vietas veikalā!" class="tag i"></div>

        </div>

        <div class="info-notice">
            


                                                                                                                                                                </div>

        <div class="img">
          <img alt="Sulas dzēriens Persiku JUMEX 0,46L D" src="/uploads/sale/2026/sales_page/01/29//sulas-dzeriens-persiku-jumex-0-46l-d-00281-0129083527.png?1769668527">
        </div>
        <div class="text paldies-card      ">
            <div class="title">Sulas dzēriens Persiku JUMEX 0,46L D</div>
            <div class="pack">
                <span class="ptitle"></span>
                <span class="price"> 4.98 €/l</span>
            </div>
                    </div>
        <div class="infopop">
            <div class="in"><span></span>
                <div class="arrow_top"></div>
                <div class="arrow_bottom"></div>
            </div>
        </div>
    </div>
</div><div class="col-third offer-item">
    <div class="item bl_shadow product-237158 paldies-card  offer-2-l-sp-sku units-price        " data-product-id="237158" data-timeout="77" data-dates-interval="29.07.2024. - 29.04.2026." tabindex="0" role="button">
                                                    <div class="discount price with-unit-price ">
                                                                            <div class="paldies-card-icon with-unit-price">
                        <img src="/images/front/icons/paldies2-icon.png" alt="Paldies">
                    </div>
                                                                
                    <div class="t1 with-unit-price paldies-card">
            <span class="value">5</span>
            <span class="cents">39</span>
            <span class="eur">€</span>
            <span class="unit-price">5.39 €/l</span>
        </div>
                    <div class="t2">
                <span class="value">8,29</span>
                <span class="eur">€</span>
            </div>
            <div class="t3 with-unit-price">
                <span class="value">8</span>
                <span class="cents">29</span>
                <span class="eur">€</span>
                <span class="unit-price">8.29 €/l</span>            </div>
            
    <span class="vline"></span>
</div>                    		
        
        
        <div class="tags tags_primary bottom_icons">
                                                            
                                <div data-alt="Atlaide ar PALDIES karti" class="tag tag-soap-2 " style="background-image: url('/uploads/sale/atlaide-ar-paldies-karti-7358.png');                     ">
                </div>
                                                                            
                                <div data-alt="CENU LĪDERI" class="tag tag-soap-29 " style="background-image: url('/uploads/sale/cenu-lideri-6010.png');                     ">
                </div>
                            
                    </div>
        <div class="tags tags_primary info_icon">
            
    <div data-alt="Preču piedāvājums atšķirīgs Maxima veikalos, ar aktuālo akcijas preču piedāvājumu aicinām iepazīties uz vietas veikalā!" class="tag i"></div>

        </div>

        <div class="info-notice">
            


                                                                            </div>

        <div class="img">
          <img alt="Traipu tīr.līdz.VANISH Oxi Act. Pink 1L" src="/uploads/sale/2025/sales_page/10/29//traipu-tir-lidz-vanish-oxi-act-pink-1l-00078-1029180603.png?1761753963">
        </div>
        <div class="text paldies-card      ">
            <div class="title">Traipu tīr.līdz.VANISH Oxi Act. Pink 1L</div>
            <div class="pack">
                <span class="ptitle"></span>
                <span class="price"> 8.29 €/l</span>
            </div>
                    </div>
        <div class="infopop">
            <div class="in"><span></span>
                <div class="arrow_top"></div>
                <div class="arrow_bottom"></div>
            </div>
        </div>
    </div>
</div><div class="col-third offer-item">
    <div class="item bl_shadow product-237174 paldies-card  offer-2-l-sp-sku units-price        " data-product-id="237174" data-timeout="77" data-dates-interval="30.10.2025. - 29.04.2026." tabindex="0" role="button">
                                                    <div class="discount price with-unit-price ">
                                                                            <div class="paldies-card-icon with-unit-price">
                        <img src="/images/front/icons/paldies2-icon.png" alt="Paldies">
                    </div>
                                                                
                    <div class="t1 with-unit-price paldies-card">
            <span class="value">20</span>
            <span class="cents">99</span>
            <span class="eur">€</span>
            <span class="unit-price">0.30 €/gab</span>
        </div>
                    <div class="t2">
                <span class="value">39,99</span>
                <span class="eur">€</span>
            </div>
            <div class="t3 with-unit-price">
                <span class="value">39</span>
                <span class="cents">99</span>
                <span class="eur">€</span>
                <span class="unit-price">0.57 €/gab</span>            </div>
            
    <span class="vline"></span>
</div>                    		
        
        
        <div class="tags tags_primary bottom_icons">
                                                            
                                <div data-alt="Atlaide ar PALDIES karti" class="tag tag-soap-2 " style="background-image: url('/uploads/sale/atlaide-ar-paldies-karti-7358.png');                     ">
                </div>
                                                                            
                                <div data-alt="CENU LĪDERI" class="tag tag-soap-29 " style="background-image: url('/uploads/sale/cenu-lideri-6010.png');                     ">
                </div>
                            
                    </div>
        <div class="tags tags_primary info_icon">
            
    <div data-alt="Preču piedāvājums atšķirīgs Maxima veikalos, ar aktuālo akcijas preču piedāvājumu aicinām iepazīties uz vietas veikalā!" class="tag i"></div>

        </div>

        <div class="info-notice">
            


                                                                            </div>

        <div class="img">
          <img alt="Tr.m.maš.kaps.FINISH Ultimate Lemon 70gb" src="/uploads/sale/2025/sales_page/10/29//tr-m-mas-kaps-finish-ultimate-lemon-70gb-00081-1029180603.png?1761753963">
        </div>
        <div class="text paldies-card      ">
            <div class="title">Tr.m.maš.kaps.FINISH Ultimate Lemon 70gb</div>
            <div class="pack">
                <span class="ptitle"></span>
                <span class="price"> 0.57 €/gab</span>
            </div>
                    </div>
        <div class="infopop">
            <div class="in"><span></span>
                <div class="arrow_top"></div>
                <div class="arrow_bottom"></div>
            </div>
        </div>
    </div>
</div><div class="col-third offer-item">
    <div class="item bl_shadow product-237175 paldies-card  offer-2-l-sp-sku units-price        " data-product-id="237175" data-timeout="77" data-dates-interval="30.10.2025. - 29.04.2026." tabindex="0" role="button">
                                                    <div class="discount price with-unit-price ">
                                                                            <div class="paldies-card-icon with-unit-price">
                        <img src="/images/front/icons/paldies2-icon.png" alt="Paldies">
                    </div>
                                                                
                    <div class="t1 with-unit-price paldies-card">
            <span class="value">2</span>
            <span class="cents">79</span>
            <span class="eur">€</span>
            <span class="unit-price">55.80 €/l</span>
        </div>
                    <div class="t2">
                <span class="value">5,19</span>
                <span class="eur">€</span>
            </div>
            <div class="t3 with-unit-price">
                <span class="value">5</span>
                <span class="cents">19</span>
                <span class="eur">€</span>
                <span class="unit-price">103.80 €/l</span>            </div>
            
    <span class="vline"></span>
</div>                    		
        
        
        <div class="tags tags_primary bottom_icons">
                                                            
                                <div data-alt="Atlaide ar PALDIES karti" class="tag tag-soap-2 " style="background-image: url('/uploads/sale/atlaide-ar-paldies-karti-7358.png');                     ">
                </div>
                                                                            
                                <div data-alt="CENU LĪDERI" class="tag tag-soap-29 " style="background-image: url('/uploads/sale/cenu-lideri-6010.png');                     ">
                </div>
                            
                    </div>
        <div class="tags tags_primary info_icon">
            
    <div data-alt="Preču piedāvājums atšķirīgs Maxima veikalos, ar aktuālo akcijas preču piedāvājumu aicinām iepazīties uz vietas veikalā!" class="tag i"></div>

        </div>

        <div class="info-notice">
            


                                                                            </div>

        <div class="img">
          <img alt="Dez.NIVEA Men Black&amp;White Orig.zīm.50ml" src="/uploads/sale/2025/sales_page/10/29//dez-nivea-men-black-white-orig-zim-50ml-00082-0210090017.png?1770706817">
        </div>
        <div class="text paldies-card      ">
            <div class="title">Dez.NIVEA Men Black&amp;White Orig.zīm.50ml</div>
            <div class="pack">
                <span class="ptitle"></span>
                <span class="price"> 103.80 €/l</span>
            </div>
                    </div>
        <div class="infopop">
            <div class="in"><span></span>
                <div class="arrow_top"></div>
                <div class="arrow_bottom"></div>
            </div>
        </div>
    </div>
</div><div class="col-third offer-item">
    <div class="item bl_shadow product-237178 paldies-card  offer-2-l-sp-sku units-price        " data-product-id="237178" data-timeout="77" data-dates-interval="17.07.2025. - 29.04.2026." tabindex="0" role="button">
                                                    <div class="discount price with-unit-price ">
                                                                            <div class="paldies-card-icon with-unit-price">
                        <img src="/images/front/icons/paldies2-icon.png" alt="Paldies">
                    </div>
                                                                
                    <div class="t1 with-unit-price paldies-card">
            <span class="value">2</span>
            <span class="cents">89</span>
            <span class="eur">€</span>
            <span class="unit-price">2.89 €/gab</span>
        </div>
                    <div class="t2">
                <span class="value">4,70</span>
                <span class="eur">€</span>
            </div>
            <div class="t3 with-unit-price">
                <span class="value">4</span>
                <span class="cents">70</span>
                <span class="eur">€</span>
                <span class="unit-price">4.70 €/gab</span>            </div>
            
    <span class="vline"></span>
</div>                    		
        
        
        <div class="tags tags_primary bottom_icons">
                                                            
                                <div data-alt="Atlaide ar PALDIES karti" class="tag tag-soap-2 " style="background-image: url('/uploads/sale/atlaide-ar-paldies-karti-7358.png');                     ">
                </div>
                                                                            
                                <div data-alt="CENU LĪDERI" class="tag tag-soap-29 " style="background-image: url('/uploads/sale/cenu-lideri-6010.png');                     ">
                </div>
                            
                    </div>
        <div class="tags tags_primary info_icon">
            
    <div data-alt="Preču piedāvājums atšķirīgs Maxima veikalos, ar aktuālo akcijas preču piedāvājumu aicinām iepazīties uz vietas veikalā!" class="tag i"></div>

        </div>

        <div class="info-notice">
            


                                                                            </div>

        <div class="img">
          <img alt="Papīra dvieļi BLOOM Jumbo 2sl.1r.500lap." src="/uploads/sale/2025/sales_page/10/29//papira-dvieli-bloom-jumbo-2sl-1r-500lap-00085-0120091017.png?1768893017">
        </div>
        <div class="text paldies-card      ">
            <div class="title">Papīra dvieļi BLOOM Jumbo 2sl.1r.500lap.</div>
            <div class="pack">
                <span class="ptitle"></span>
                <span class="price"> 4.70 €/gab</span>
            </div>
                    </div>
        <div class="infopop">
            <div class="in"><span></span>
                <div class="arrow_top"></div>
                <div class="arrow_bottom"></div>
            </div>
        </div>
    </div>
</div><div class="col-third offer-item">
    <div class="item bl_shadow product-237182 paldies-card  offer-2-l-sp-sku units-price        " data-product-id="237182" data-timeout="77" data-dates-interval="06.05.2025. - 29.04.2026." tabindex="0" role="button">
                                                    <div class="discount price with-unit-price ">
                                                                            <div class="paldies-card-icon with-unit-price">
                        <img src="/images/front/icons/paldies2-icon.png" alt="Paldies">
                    </div>
                                                                
                    <div class="t1 with-unit-price paldies-card">
            <span class="value">19</span>
            <span class="cents">99</span>
            <span class="eur">€</span>
            <span class="unit-price">0.29 €/gab</span>
        </div>
                    <div class="t2">
                <span class="value">36,99</span>
                <span class="eur">€</span>
            </div>
            <div class="t3 with-unit-price">
                <span class="value">36</span>
                <span class="cents">99</span>
                <span class="eur">€</span>
                <span class="unit-price">0.53 €/gab</span>            </div>
            
    <span class="vline"></span>
</div>                    		
        
        
        <div class="tags tags_primary bottom_icons">
                                                            
                                <div data-alt="Atlaide ar PALDIES karti" class="tag tag-soap-2 " style="background-image: url('/uploads/sale/atlaide-ar-paldies-karti-7358.png');                     ">
                </div>
                                                                            
                                <div data-alt="CENU LĪDERI" class="tag tag-soap-29 " style="background-image: url('/uploads/sale/cenu-lideri-6010.png');                     ">
                </div>
                            
                    </div>
        <div class="tags tags_primary info_icon">
            
    <div data-alt="Preču piedāvājums atšķirīgs Maxima veikalos, ar aktuālo akcijas preču piedāvājumu aicinām iepazīties uz vietas veikalā!" class="tag i"></div>

        </div>

        <div class="info-notice">
            


                                                                            </div>

        <div class="img">
          <img alt="Veļas mazgāš.kapsulas ARIEL Color 70gb" src="/uploads/sale/2025/sales_page/10/29//velas-mazgas-kapsulas-ariel-color-70gb-00089-0210095523.png?1770710123">
        </div>
        <div class="text paldies-card      ">
            <div class="title">Veļas mazgāš.kapsulas ARIEL Color 70gb</div>
            <div class="pack">
                <span class="ptitle"></span>
                <span class="price"> 0.53 €/gab</span>
            </div>
                    </div>
        <div class="infopop">
            <div class="in"><span></span>
                <div class="arrow_top"></div>
                <div class="arrow_bottom"></div>
            </div>
        </div>
    </div>
</div><div class="col-third offer-item">
    <div class="item bl_shadow product-237162 paldies-card  offer-2-l-sp-sku units-price        " data-product-id="237162" data-timeout="77" data-dates-interval="30.10.2025. - 29.04.2026." tabindex="0" role="button">
                                                    <div class="discount price with-unit-price ">
                                                                            <div class="paldies-card-icon with-unit-price">
                        <img src="/images/front/icons/paldies2-icon.png" alt="Paldies">
                    </div>
                                                                
                    <div class="t1 with-unit-price paldies-card">
            <span class="value">3</span>
            <span class="cents">99</span>
            <span class="eur">€</span>
            <span class="unit-price">53.20 €/l</span>
        </div>
                    <div class="t2">
                <span class="value">6,69</span>
                <span class="eur">€</span>
            </div>
            <div class="t3 with-unit-price">
                <span class="value">6</span>
                <span class="cents">69</span>
                <span class="eur">€</span>
                <span class="unit-price">89.20 €/l</span>            </div>
            
    <span class="vline"></span>
</div>                    		
        
        
        <div class="tags tags_primary bottom_icons">
                                                            
                                <div data-alt="Atlaide ar PALDIES karti" class="tag tag-soap-2 " style="background-image: url('/uploads/sale/atlaide-ar-paldies-karti-7358.png');                     ">
                </div>
                                                                            
                                <div data-alt="CENU LĪDERI" class="tag tag-soap-29 " style="background-image: url('/uploads/sale/cenu-lideri-6010.png');                     ">
                </div>
                            
                    </div>
        <div class="tags tags_primary info_icon">
            
    <div data-alt="Preču piedāvājums atšķirīgs Maxima veikalos, ar aktuālo akcijas preču piedāvājumu aicinām iepazīties uz vietas veikalā!" class="tag i"></div>

        </div>

        <div class="info-notice">
            


                                                                            </div>

        <div class="img">
          <img alt="Zob.pasta SENSODYNE EXTRA WHITENING 75ml" src="/uploads/sale/2025/sales_page/10/29//zob-pasta-sensodyne-extra-whitening-75ml-00107-1029180630.png?1761753990">
        </div>
        <div class="text paldies-card      ">
            <div class="title">Zob.pasta SENSODYNE EXTRA WHITENING 75ml</div>
            <div class="pack">
                <span class="ptitle"></span>
                <span class="price"> 89.20 €/l</span>
            </div>
                    </div>
        <div class="infopop">
            <div class="in"><span></span>
                <div class="arrow_top"></div>
                <div class="arrow_bottom"></div>
            </div>
        </div>
    </div>
</div><div class="col-third offer-item">
    <div class="item bl_shadow product-237165 paldies-card  offer-2-l-sp-sku units-price        " data-product-id="237165" data-timeout="77" data-dates-interval="30.10.2025. - 29.04.2026." tabindex="0" role="button">
                                                    <div class="discount price with-unit-price ">
                                                                            <div class="paldies-card-icon with-unit-price">
                        <img src="/images/front/icons/paldies2-icon.png" alt="Paldies">
                    </div>
                                                                
                    <div class="t1 with-unit-price paldies-card">
            <span class="value">2</span>
            <span class="cents">59</span>
            <span class="eur">€</span>
            <span class="unit-price">34.53 €/l</span>
        </div>
                    <div class="t2">
                <span class="value">5,59</span>
                <span class="eur">€</span>
            </div>
            <div class="t3 with-unit-price">
                <span class="value">5</span>
                <span class="cents">59</span>
                <span class="eur">€</span>
                <span class="unit-price">74.53 €/l</span>            </div>
            
    <span class="vline"></span>
</div>                    		
        
        
        <div class="tags tags_primary bottom_icons">
                                                            
                                <div data-alt="Atlaide ar PALDIES karti" class="tag tag-soap-2 " style="background-image: url('/uploads/sale/atlaide-ar-paldies-karti-7358.png');                     ">
                </div>
                                                                            
                                <div data-alt="CENU LĪDERI" class="tag tag-soap-29 " style="background-image: url('/uploads/sale/cenu-lideri-6010.png');                     ">
                </div>
                            
                    </div>
        <div class="tags tags_primary info_icon">
            
    <div data-alt="Preču piedāvājums atšķirīgs Maxima veikalos, ar aktuālo akcijas preču piedāvājumu aicinām iepazīties uz vietas veikalā!" class="tag i"></div>

        </div>

        <div class="info-notice">
            


                                                                            </div>

        <div class="img">
          <img alt="Zobu pasta PRESIDENT WHITE 75ml" src="/uploads/sale/2025/sales_page/10/29//zobu-pasta-president-white-75ml-00110-0210090518.png?1770707118">
        </div>
        <div class="text paldies-card      ">
            <div class="title">Zobu pasta PRESIDENT WHITE 75ml</div>
            <div class="pack">
                <span class="ptitle"></span>
                <span class="price"> 74.53 €/l</span>
            </div>
                    </div>
        <div class="infopop">
            <div class="in"><span></span>
                <div class="arrow_top"></div>
                <div class="arrow_bottom"></div>
            </div>
        </div>
    </div>
</div><div class="col-third offer-item">
    <div class="item bl_shadow product-237167 paldies-card  offer-2-l-sp-sku units-price        " data-product-id="237167" data-timeout="77" data-dates-interval="30.10.2025. - 29.04.2026." tabindex="0" role="button">
                                                    <div class="discount price with-unit-price ">
                                                                            <div class="paldies-card-icon with-unit-price">
                        <img src="/images/front/icons/paldies2-icon.png" alt="Paldies">
                    </div>
                                                                
                    <div class="t1 with-unit-price paldies-card">
            <span class="value">5</span>
            <span class="cents">99</span>
            <span class="eur">€</span>
            <span class="unit-price">19.97 €/l</span>
        </div>
                    <div class="t2">
                <span class="value">10,79</span>
                <span class="eur">€</span>
            </div>
            <div class="t3 with-unit-price">
                <span class="value">10</span>
                <span class="cents">79</span>
                <span class="eur">€</span>
                <span class="unit-price">35.97 €/l</span>            </div>
            
    <span class="vline"></span>
</div>                    		
        
        
        <div class="tags tags_primary bottom_icons">
                                                            
                                <div data-alt="Atlaide ar PALDIES karti" class="tag tag-soap-2 " style="background-image: url('/uploads/sale/atlaide-ar-paldies-karti-7358.png');                     ">
                </div>
                                                                            
                                <div data-alt="CENU LĪDERI" class="tag tag-soap-29 " style="background-image: url('/uploads/sale/cenu-lideri-6010.png');                     ">
                </div>
                            
                    </div>
        <div class="tags tags_primary info_icon">
            
    <div data-alt="Preču piedāvājums atšķirīgs Maxima veikalos, ar aktuālo akcijas preču piedāvājumu aicinām iepazīties uz vietas veikalā!" class="tag i"></div>

        </div>

        <div class="info-notice">
            


                                                                            </div>

        <div class="img">
          <img alt="Matu laka SYOSS Max Hold 300ml" src="/uploads/sale/2025/sales_page/10/29//matu-laka-syoss-max-hold-300ml-00112-1029180635.png?1761753995">
        </div>
        <div class="text paldies-card      ">
            <div class="title">Matu laka SYOSS Max Hold 300ml</div>
            <div class="pack">
                <span class="ptitle"></span>
                <span class="price"> 35.97 €/l</span>
            </div>
                    </div>
        <div class="infopop">
            <div class="in"><span></span>
                <div class="arrow_top"></div>
                <div class="arrow_bottom"></div>
            </div>
        </div>
    </div>
</div><div class="col-third offer-item">
    <div class="item bl_shadow product-237169 paldies-card  offer-2-l-sp-sku units-price        " data-product-id="237169" data-timeout="77" data-dates-interval="30.10.2025. - 29.04.2026." tabindex="0" role="button">
                                                    <div class="discount price with-unit-price ">
                                                                            <div class="paldies-card-icon with-unit-price">
                        <img src="/images/front/icons/paldies2-icon.png" alt="Paldies">
                    </div>
                                                                
                    <div class="t1 with-unit-price paldies-card">
            <span class="value">1</span>
            <span class="cents">99</span>
            <span class="eur">€</span>
            <span class="unit-price">0.06 €/gab</span>
        </div>
                    <div class="t2">
                <span class="value">3,29</span>
                <span class="eur">€</span>
            </div>
            <div class="t3 with-unit-price">
                <span class="value">3</span>
                <span class="cents">29</span>
                <span class="eur">€</span>
                <span class="unit-price">0.09 €/gab</span>            </div>
            
    <span class="vline"></span>
</div>                    		
        
        
        <div class="tags tags_primary bottom_icons">
                                                            
                                <div data-alt="Atlaide ar PALDIES karti" class="tag tag-soap-2 " style="background-image: url('/uploads/sale/atlaide-ar-paldies-karti-7358.png');                     ">
                </div>
                                                                            
                                <div data-alt="CENU LĪDERI" class="tag tag-soap-29 " style="background-image: url('/uploads/sale/cenu-lideri-6010.png');                     ">
                </div>
                            
                    </div>
        <div class="tags tags_primary info_icon">
            
    <div data-alt="Preču piedāvājums atšķirīgs Maxima veikalos, ar aktuālo akcijas preču piedāvājumu aicinām iepazīties uz vietas veikalā!" class="tag i"></div>

        </div>

        <div class="info-notice">
            


                                                                            </div>

        <div class="img">
          <img alt="Starpzobu diegs JORDAN Flosser 3in1 50gb" src="/uploads/sale/2025/sales_page/10/29//starpzobu-diegs-jordan-flosser-3in1-50gb-00114-1029180635.png?1761753995">
        </div>
        <div class="text paldies-card      ">
            <div class="title">Starpzobu diegs JORDAN Flosser 3in1 50gb</div>
            <div class="pack">
                <span class="ptitle"></span>
                <span class="price"> 0.09 €/gab</span>
            </div>
                    </div>
        <div class="infopop">
            <div class="in"><span></span>
                <div class="arrow_top"></div>
                <div class="arrow_bottom"></div>
            </div>
        </div>
    </div>
</div><div class="col-third offer-item">
    <div class="item bl_shadow product-237171 paldies-card  offer-2-l-sp-sku units-price        " data-product-id="237171" data-timeout="77" data-dates-interval="20.02.2024. - 29.04.2026." tabindex="0" role="button">
                                                    <div class="discount price with-unit-price ">
                                                                            <div class="paldies-card-icon with-unit-price">
                        <img src="/images/front/icons/paldies2-icon.png" alt="Paldies">
                    </div>
                                                                
                    <div class="t1 with-unit-price paldies-card">
            <span class="value">4</span>
            <span class="cents">69</span>
            <span class="eur">€</span>
            <span class="unit-price">0.39 €/gab</span>
        </div>
                    <div class="t2">
                <span class="value">8,49</span>
                <span class="eur">€</span>
            </div>
            <div class="t3 with-unit-price">
                <span class="value">8</span>
                <span class="cents">49</span>
                <span class="eur">€</span>
                <span class="unit-price">0.71 €/gab</span>            </div>
            
    <span class="vline"></span>
</div>                    		
        
        
        <div class="tags tags_primary bottom_icons">
                                                            
                                <div data-alt="Atlaide ar PALDIES karti" class="tag tag-soap-2 " style="background-image: url('/uploads/sale/atlaide-ar-paldies-karti-7358.png');                     ">
                </div>
                                                                            
                                <div data-alt="CENU LĪDERI" class="tag tag-soap-29 " style="background-image: url('/uploads/sale/cenu-lideri-6010.png');                     ">
                </div>
                            
                    </div>
        <div class="tags tags_primary info_icon">
            
    <div data-alt="Preču piedāvājums atšķirīgs Maxima veikalos, ar aktuālo akcijas preču piedāvājumu aicinām iepazīties uz vietas veikalā!" class="tag i"></div>

        </div>

        <div class="info-notice">
            


                                                                            </div>

        <div class="img">
          <img alt="Tualetes papīrs ZEWA Moll White 3k. 12r." src="/uploads/sale/2025/sales_page/10/29//tualetes-papirs-zewa-moll-white-3k-12r-00116-1029180635.png?1761753995">
        </div>
        <div class="text paldies-card      ">
            <div class="title">Tualetes papīrs ZEWA Moll White 3k. 12r.</div>
            <div class="pack">
                <span class="ptitle"></span>
                <span class="price"> 0.71 €/gab</span>
            </div>
                    </div>
        <div class="infopop">
            <div class="in"><span></span>
                <div class="arrow_top"></div>
                <div class="arrow_bottom"></div>
            </div>
        </div>
    </div>
</div><div class="col-third offer-item">
    <div class="item bl_shadow product-237350 paldies-card  offer-2-l-sp-sku units-price        " data-product-id="237350" data-timeout="77" data-dates-interval="22.10.2024. - 29.04.2026." tabindex="0" role="button">
                                                    <div class="discount price with-unit-price ">
                                                                            <div class="paldies-card-icon with-unit-price">
                        <img src="/images/front/icons/paldies2-icon.png" alt="Paldies">
                    </div>
                                                                                                
                    <div class="t1 with-unit-price paldies-card">
            <span class="value">13</span>
            <span class="cents">99</span>
            <span class="eur">€</span>
            <span class="unit-price">0.27 €/gab</span>
        </div>
                    <div class="t2">
                <span class="value">19,59</span>
                <span class="eur">€</span>
            </div>
            <div class="t3 with-unit-price">
                <span class="value">19</span>
                <span class="cents">59</span>
                <span class="eur">€</span>
                <span class="unit-price">0.38 €/gab</span>            </div>
            
    <span class="vline"></span>
</div>                    		
        
        
        <div class="tags tags_primary bottom_icons">
                                                            
                                <div data-alt="Atlaide ar PALDIES karti" class="tag tag-soap-2 " style="background-image: url('/uploads/sale/atlaide-ar-paldies-karti-7358.png');                     ">
                </div>
                                                                            
                                <div data-alt="Mazuļu klubs" class="tag tag-soap-8 " style="background-image: url('/uploads/sale/mazulu-klubs-3549.png');                     ">
                </div>
                                                                            
                                <div data-alt="CENU LĪDERI" class="tag tag-soap-29 " style="background-image: url('/uploads/sale/cenu-lideri-6010.png');                     ">
                </div>
                            
                    </div>
        <div class="tags tags_primary info_icon">
            
    <div data-alt="Preču piedāvājums atšķirīgs Maxima veikalos, ar aktuālo akcijas preču piedāvājumu aicinām iepazīties uz vietas veikalā!" class="tag i"></div>

        </div>

        <div class="info-notice">
            


                                                                                                        </div>

        <div class="img">
          <img alt="Autiņb.biksīt.PAMPERS S4 9-15kg 52gab." src="/uploads/sale/2025/sales_page/10/29//autinb-biksit-pampers-s4-9-15kg-52gab-00530-1029180635.png?1761753995">
        </div>
        <div class="text paldies-card      ">
            <div class="title">Autiņb.biksīt.PAMPERS S4 9-15kg 52gab.</div>
            <div class="pack">
                <span class="ptitle"></span>
                <span class="price"> 0.38 €/gab</span>
            </div>
                    </div>
        <div class="infopop">
            <div class="in"><span></span>
                <div class="arrow_top"></div>
                <div class="arrow_bottom"></div>
            </div>
        </div>
    </div>
</div><div class="col-third offer-item">
    <div class="item bl_shadow product-237351 paldies-card  offer-2-l-sp-sku units-price        " data-product-id="237351" data-timeout="77" data-dates-interval="22.10.2024. - 29.04.2026." tabindex="0" role="button">
                                                    <div class="discount price with-unit-price ">
                                                                            <div class="paldies-card-icon with-unit-price">
                        <img src="/images/front/icons/paldies2-icon.png" alt="Paldies">
                    </div>
                                                                                                
                    <div class="t1 with-unit-price paldies-card">
            <span class="value">13</span>
            <span class="cents">99</span>
            <span class="eur">€</span>
            <span class="unit-price">0.29 €/gab</span>
        </div>
                    <div class="t2">
                <span class="value">19,59</span>
                <span class="eur">€</span>
            </div>
            <div class="t3 with-unit-price">
                <span class="value">19</span>
                <span class="cents">59</span>
                <span class="eur">€</span>
                <span class="unit-price">0.41 €/gab</span>            </div>
            
    <span class="vline"></span>
</div>                    		
        
        
        <div class="tags tags_primary bottom_icons">
                                                            
                                <div data-alt="Atlaide ar PALDIES karti" class="tag tag-soap-2 " style="background-image: url('/uploads/sale/atlaide-ar-paldies-karti-7358.png');                     ">
                </div>
                                                                            
                                <div data-alt="Mazuļu klubs" class="tag tag-soap-8 " style="background-image: url('/uploads/sale/mazulu-klubs-3549.png');                     ">
                </div>
                                                                            
                                <div data-alt="CENU LĪDERI" class="tag tag-soap-29 " style="background-image: url('/uploads/sale/cenu-lideri-6010.png');                     ">
                </div>
                            
                    </div>
        <div class="tags tags_primary info_icon">
            
    <div data-alt="Preču piedāvājums atšķirīgs Maxima veikalos, ar aktuālo akcijas preču piedāvājumu aicinām iepazīties uz vietas veikalā!" class="tag i"></div>

        </div>

        <div class="info-notice">
            


                                                                                                        </div>

        <div class="img">
          <img alt="Autiņb.biksīt.PAMPERS S5 12-17kg 48gab." src="/uploads/sale/2025/sales_page/10/29//autinb-biksit-pampers-s5-12-17kg-48gab-00531-1029180635.png?1761753995">
        </div>
        <div class="text paldies-card      ">
            <div class="title">Autiņb.biksīt.PAMPERS S5 12-17kg 48gab.</div>
            <div class="pack">
                <span class="ptitle"></span>
                <span class="price"> 0.41 €/gab</span>
            </div>
                    </div>
        <div class="infopop">
            <div class="in"><span></span>
                <div class="arrow_top"></div>
                <div class="arrow_bottom"></div>
            </div>
        </div>
    </div>
</div><div class="col-third offer-item">
    <div class="item bl_shadow product-237352 paldies-card  offer-2-l-sp-sku units-price        " data-product-id="237352" data-timeout="77" data-dates-interval="22.10.2024. - 29.04.2026." tabindex="0" role="button">
                                                    <div class="discount price with-unit-price ">
                                                                            <div class="paldies-card-icon with-unit-price">
                        <img src="/images/front/icons/paldies2-icon.png" alt="Paldies">
                    </div>
                                                                                                
                    <div class="t1 with-unit-price paldies-card">
            <span class="value">13</span>
            <span class="cents">99</span>
            <span class="eur">€</span>
            <span class="unit-price">0.32 €/gab</span>
        </div>
                    <div class="t2">
                <span class="value">19,59</span>
                <span class="eur">€</span>
            </div>
            <div class="t3 with-unit-price">
                <span class="value">19</span>
                <span class="cents">59</span>
                <span class="eur">€</span>
                <span class="unit-price">0.45 €/gab</span>            </div>
            
    <span class="vline"></span>
</div>                    		
        
        
        <div class="tags tags_primary bottom_icons">
                                                            
                                <div data-alt="Atlaide ar PALDIES karti" class="tag tag-soap-2 " style="background-image: url('/uploads/sale/atlaide-ar-paldies-karti-7358.png');                     ">
                </div>
                                                                            
                                <div data-alt="Mazuļu klubs" class="tag tag-soap-8 " style="background-image: url('/uploads/sale/mazulu-klubs-3549.png');                     ">
                </div>
                                                                            
                                <div data-alt="CENU LĪDERI" class="tag tag-soap-29 " style="background-image: url('/uploads/sale/cenu-lideri-6010.png');                     ">
                </div>
                            
                    </div>
        <div class="tags tags_primary info_icon">
            
    <div data-alt="Preču piedāvājums atšķirīgs Maxima veikalos, ar aktuālo akcijas preču piedāvājumu aicinām iepazīties uz vietas veikalā!" class="tag i"></div>

        </div>

        <div class="info-notice">
            


                                                                                                        </div>

        <div class="img">
          <img alt="Autiņb.biksīt.PAMPERS S6 15+ kg 44gab." src="/uploads/sale/2025/sales_page/10/29//autinb-biksit-pampers-s6-15-kg-44gab-00532-1029180632.png?1761753992">
        </div>
        <div class="text paldies-card      ">
            <div class="title">Autiņb.biksīt.PAMPERS S6 15+ kg 44gab.</div>
            <div class="pack">
                <span class="ptitle"></span>
                <span class="price"> 0.45 €/gab</span>
            </div>
                    </div>
        <div class="infopop">
            <div class="in"><span></span>
                <div class="arrow_top"></div>
                <div class="arrow_bottom"></div>
            </div>
        </div>
    </div>
</div><div class="col-third offer-item">
    <div class="item bl_shadow product-237385 paldies-card  offer-2-l-sp-sku units-price        " data-product-id="237385" data-timeout="77" data-dates-interval="10.09.2024. - 29.04.2026." tabindex="0" role="button">
                                                    <div class="discount price with-unit-price ">
                                                                            <div class="paldies-card-icon with-unit-price">
                        <img src="/images/front/icons/paldies2-icon.png" alt="Paldies">
                    </div>
                                                                
                    <div class="t1 with-unit-price paldies-card">
            <span class="value">3</span>
            <span class="cents">59</span>
            <span class="eur">€</span>
            <span class="unit-price">35.90 €/kg</span>
        </div>
                    <div class="t2">
                <span class="value">5,49</span>
                <span class="eur">€</span>
            </div>
            <div class="t3 with-unit-price">
                <span class="value">5</span>
                <span class="cents">49</span>
                <span class="eur">€</span>
                <span class="unit-price">54.90 €/kg</span>            </div>
            
    <span class="vline"></span>
</div>                    		
        
        
        <div class="tags tags_primary bottom_icons">
                                                            
                                <div data-alt="Atlaide ar PALDIES karti" class="tag tag-soap-2 " style="background-image: url('/uploads/sale/atlaide-ar-paldies-karti-7358.png');                     ">
                </div>
                                                                            
                                <div data-alt="CENU LĪDERI" class="tag tag-soap-29 " style="background-image: url('/uploads/sale/cenu-lideri-6010.png');                     ">
                </div>
                            
                    </div>
        <div class="tags tags_primary info_icon">
            
    <div data-alt="Preču piedāvājums atšķirīgs Maxima veikalos, ar aktuālo akcijas preču piedāvājumu aicinām iepazīties uz vietas veikalā!" class="tag i"></div>

        </div>

        <div class="info-notice">
            


                                                                            </div>

        <div class="img">
          <img alt="Tualetes bloks BREF CA Eucalyptus 2x50g" src="/uploads/sale/2025/sales_page/10/29//tualetes-bloks-bref-ca-eucalyptus-2x50g-00534-1029180526.png?1761753926">
        </div>
        <div class="text paldies-card      ">
            <div class="title">Tualetes bloks BREF CA Eucalyptus 2x50g</div>
            <div class="pack">
                <span class="ptitle"></span>
                <span class="price"> 54.90 €/kg</span>
            </div>
                    </div>
        <div class="infopop">
            <div class="in"><span></span>
                <div class="arrow_top"></div>
                <div class="arrow_bottom"></div>
            </div>
        </div>
    </div>
</div><div class="col-third offer-item">
    <div class="item bl_shadow product-237568 paldies-card  offer-2-l-sp-sku units-price        " data-product-id="237568" data-timeout="77" data-dates-interval="30.10.2025. - 29.04.2026." tabindex="0" role="button">
                                                    <div class="discount price with-unit-price ">
                                                                            <div class="paldies-card-icon with-unit-price">
                        <img src="/images/front/icons/paldies2-icon.png" alt="Paldies">
                    </div>
                                                                                                                                
                    <div class="t1 with-unit-price paldies-card">
            <span class="value">5</span>
            <span class="cents">99</span>
            <span class="eur">€</span>
            <span class="unit-price">14.98 €/l</span>
        </div>
                    <div class="t2">
                <span class="value">10,79</span>
                <span class="eur">€</span>
            </div>
            <div class="t3 with-unit-price">
                <span class="value">10</span>
                <span class="cents">79</span>
                <span class="eur">€</span>
                <span class="unit-price">26.98 €/l</span>            </div>
            
    <span class="vline"></span>
</div>                    		
        
        
        <div class="tags tags_primary bottom_icons">
                                                            
                                <div data-alt="Atlaide ar PALDIES karti" class="tag tag-soap-2 " style="background-image: url('/uploads/sale/atlaide-ar-paldies-karti-7358.png');                     ">
                </div>
                                                                            
                                <div data-alt="Prece pieejama MAXIMA XX veikalos" class="tag tag-soap-3 tag-shops" style="background-image: url('/uploads/sale/piedavajums-speka-maxima-xx-veikalos-6057.png');                     ">
                </div>
                                                                            
                                <div data-alt="Prece pieejama MAXIMA XXX veikalos" class="tag tag-soap-4 tag-shops" style="background-image: url('/uploads/sale/piedavajums-speka-maxima-xxx-veikalos-3117.png');                     ">
                </div>
                                                                            
                                <div data-alt="CENU LĪDERI" class="tag tag-soap-29 " style="background-image: url('/uploads/sale/cenu-lideri-6010.png');                     ">
                </div>
                            
                    </div>
        <div class="tags tags_primary info_icon">
            
    <div data-alt="Preču piedāvājums atšķirīgs Maxima veikalos, ar aktuālo akcijas preču piedāvājumu aicinām iepazīties uz vietas veikalā!" class="tag i"></div>

        </div>

        <div class="info-notice">
            


                                                                                                                                    </div>

        <div class="img">
          <img alt="Mutes skal līdz.ELMEX Sensitive 400ml" src="/uploads/sale/2025/sales_page/10/31//mutes-skal-lidz-elmex-sensitive-400ml-00535-0210085518.png?1770706518">
        </div>
        <div class="text paldies-card      ">
            <div class="title">Mutes skal līdz.ELMEX Sensitive 400ml</div>
            <div class="pack">
                <span class="ptitle"></span>
                <span class="price"> 26.98 €/l</span>
            </div>
                    </div>
        <div class="infopop">
            <div class="in"><span></span>
                <div class="arrow_top"></div>
                <div class="arrow_bottom"></div>
            </div>
        </div>
    </div>
</div><div class="col-third offer-item">
    <div class="item bl_shadow product-237158 paldies-card  offer-2-l-sp-sku units-price        " data-product-id="237158" data-timeout="77" data-dates-interval="29.07.2024. - 29.04.2026." tabindex="0" role="button">
                                                    <div class="discount price with-unit-price ">
                                                                            <div class="paldies-card-icon with-unit-price">
                        <img src="/images/front/icons/paldies2-icon.png" alt="Paldies">
                    </div>
                                                                
                    <div class="t1 with-unit-price paldies-card">
            <span class="value">5</span>
            <span class="cents">39</span>
            <span class="eur">€</span>
            <span class="unit-price">5.39 €/l</span>
        </div>
                    <div class="t2">
                <span class="value">8,29</span>
                <span class="eur">€</span>
            </div>
            <div class="t3 with-unit-price">
                <span class="value">8</span>
                <span class="cents">29</span>
                <span class="eur">€</span>
                <span class="unit-price">8.29 €/l</span>            </div>
            
    <span class="vline"></span>
</div>                    		
        
        
        <div class="tags tags_primary bottom_icons">
                                                            
                                <div data-alt="Atlaide ar PALDIES karti" class="tag tag-soap-2 " style="background-image: url('/uploads/sale/atlaide-ar-paldies-karti-7358.png');                     ">
                </div>
                                                                            
                                <div data-alt="CENU LĪDERI" class="tag tag-soap-29 " style="background-image: url('/uploads/sale/cenu-lideri-6010.png');                     ">
                </div>
                            
                    </div>
        <div class="tags tags_primary info_icon">
            
    <div data-alt="Preču piedāvājums atšķirīgs Maxima veikalos, ar aktuālo akcijas preču piedāvājumu aicinām iepazīties uz vietas veikalā!" class="tag i"></div>

        </div>

        <div class="info-notice">
            


                                                                            </div>

        <div class="img">
          <img alt="Traipu tīr.līdz.VANISH Oxi Act. Pink 1L" src="/uploads/sale/2025/sales_page/10/29//traipu-tir-lidz-vanish-oxi-act-pink-1l-00078-1029180603.png?1761753963">
        </div>
        <div class="text paldies-card      ">
            <div class="title">Traipu tīr.līdz.VANISH Oxi Act. Pink 1L</div>
            <div class="pack">
                <span class="ptitle"></span>
                <span class="price"> 8.29 €/l</span>
            </div>
                    </div>
        <div class="infopop">
            <div class="in"><span></span>
                <div class="arrow_top"></div>
                <div class="arrow_bottom"></div>
            </div>
        </div>
    </div>
</div><div class="col-third offer-item">
    <div class="item bl_shadow product-237174 paldies-card  offer-2-l-sp-sku units-price        " data-product-id="237174" data-timeout="77" data-dates-interval="30.10.2025. - 29.04.2026." tabindex="0" role="button">
                                                    <div class="discount price with-unit-price ">
                                                                            <div class="paldies-card-icon with-unit-price">
                        <img src="/images/front/icons/paldies2-icon.png" alt="Paldies">
                    </div>
                                                                
                    <div class="t1 with-unit-price paldies-card">
            <span class="value">20</span>
            <span class="cents">99</span>
            <span class="eur">€</span>
            <span class="unit-price">0.30 €/gab</span>
        </div>
                    <div class="t2">
                <span class="value">39,99</span>
                <span class="eur">€</span>
            </div>
            <div class="t3 with-unit-price">
                <span class="value">39</span>
                <span class="cents">99</span>
                <span class="eur">€</span>
                <span class="unit-price">0.57 €/gab</span>            </div>
            
    <span class="vline"></span>
</div>                    		
        
        
        <div class="tags tags_primary bottom_icons">
                                                            
                                <div data-alt="Atlaide ar PALDIES karti" class="tag tag-soap-2 " style="background-image: url('/uploads/sale/atlaide-ar-paldies-karti-7358.png');                     ">
                </div>
                                                                            
                                <div data-alt="CENU LĪDERI" class="tag tag-soap-29 " style="background-image: url('/uploads/sale/cenu-lideri-6010.png');                     ">
                </div>
                            
                    </div>
        <div class="tags tags_primary info_icon">
            
    <div data-alt="Preču piedāvājums atšķirīgs Maxima veikalos, ar aktuālo akcijas preču piedāvājumu aicinām iepazīties uz vietas veikalā!" class="tag i"></div>

        </div>

        <div class="info-notice">
            


                                                                            </div>

        <div class="img">
          <img alt="Tr.m.maš.kaps.FINISH Ultimate Lemon 70gb" src="/uploads/sale/2025/sales_page/10/29//tr-m-mas-kaps-finish-ultimate-lemon-70gb-00081-1029180603.png?1761753963">
        </div>
        <div class="text paldies-card      ">
            <div class="title">Tr.m.maš.kaps.FINISH Ultimate Lemon 70gb</div>
            <div class="pack">
                <span class="ptitle"></span>
                <span class="price"> 0.57 €/gab</span>
            </div>
                    </div>
        <div class="infopop">
            <div class="in"><span></span>
                <div class="arrow_top"></div>
                <div class="arrow_bottom"></div>
            </div>
        </div>
    </div>
</div><div class="col-third offer-item">
    <div class="item bl_shadow product-237175 paldies-card  offer-2-l-sp-sku units-price        " data-product-id="237175" data-timeout="77" data-dates-interval="30.10.2025. - 29.04.2026." tabindex="0" role="button">
                                                    <div class="discount price with-unit-price ">
                                                                            <div class="paldies-card-icon with-unit-price">
                        <img src="/images/front/icons/paldies2-icon.png" alt="Paldies">
                    </div>
                                                                
                    <div class="t1 with-unit-price paldies-card">
            <span class="value">2</span>
            <span class="cents">79</span>
            <span class="eur">€</span>
            <span class="unit-price">55.80 €/l</span>
        </div>
                    <div class="t2">
                <span class="value">5,19</span>
                <span class="eur">€</span>
            </div>
            <div class="t3 with-unit-price">
                <span class="value">5</span>
                <span class="cents">19</span>
                <span class="eur">€</span>
                <span class="unit-price">103.80 €/l</span>            </div>
            
    <span class="vline"></span>
</div>                    		
        
        
        <div class="tags tags_primary bottom_icons">
                                                            
                                <div data-alt="Atlaide ar PALDIES karti" class="tag tag-soap-2 " style="background-image: url('/uploads/sale/atlaide-ar-paldies-karti-7358.png');                     ">
                </div>
                                                                            
                                <div data-alt="CENU LĪDERI" class="tag tag-soap-29 " style="background-image: url('/uploads/sale/cenu-lideri-6010.png');                     ">
                </div>
                            
                    </div>
        <div class="tags tags_primary info_icon">
            
    <div data-alt="Preču piedāvājums atšķirīgs Maxima veikalos, ar aktuālo akcijas preču piedāvājumu aicinām iepazīties uz vietas veikalā!" class="tag i"></div>

        </div>

        <div class="info-notice">
            


                                                                            </div>

        <div class="img">
          <img alt="Dez.NIVEA Men Black&amp;White Orig.zīm.50ml" src="/uploads/sale/2025/sales_page/10/29//dez-nivea-men-black-white-orig-zim-50ml-00082-0210090017.png?1770706817">
        </div>
        <div class="text paldies-card      ">
            <div class="title">Dez.NIVEA Men Black&amp;White Orig.zīm.50ml</div>
            <div class="pack">
                <span class="ptitle"></span>
                <span class="price"> 103.80 €/l</span>
            </div>
                    </div>
        <div class="infopop">
            <div class="in"><span></span>
                <div class="arrow_top"></div>
                <div class="arrow_bottom"></div>
            </div>
        </div>
    </div>
</div><div class="col-third offer-item">
    <div class="item bl_shadow product-237178 paldies-card  offer-2-l-sp-sku units-price        " data-product-id="237178" data-timeout="77" data-dates-interval="17.07.2025. - 29.04.2026." tabindex="0" role="button">
                                                    <div class="discount price with-unit-price ">
                                                                            <div class="paldies-card-icon with-unit-price">
                        <img src="/images/front/icons/paldies2-icon.png" alt="Paldies">
                    </div>
                                                                
                    <div class="t1 with-unit-price paldies-card">
            <span class="value">2</span>
            <span class="cents">89</span>
            <span class="eur">€</span>
            <span class="unit-price">2.89 €/gab</span>
        </div>
                    <div class="t2">
                <span class="value">4,70</span>
                <span class="eur">€</span>
            </div>
            <div class="t3 with-unit-price">
                <span class="value">4</span>
                <span class="cents">70</span>
                <span class="eur">€</span>
                <span class="unit-price">4.70 €/gab</span>            </div>
            
    <span class="vline"></span>
</div>                    		
        
        
        <div class="tags tags_primary bottom_icons">
                                                            
                                <div data-alt="Atlaide ar PALDIES karti" class="tag tag-soap-2 " style="background-image: url('/uploads/sale/atlaide-ar-paldies-karti-7358.png');                     ">
                </div>
                                                                            
                                <div data-alt="CENU LĪDERI" class="tag tag-soap-29 " style="background-image: url('/uploads/sale/cenu-lideri-6010.png');                     ">
                </div>
                            
                    </div>
        <div class="tags tags_primary info_icon">
            
    <div data-alt="Preču piedāvājums atšķirīgs Maxima veikalos, ar aktuālo akcijas preču piedāvājumu aicinām iepazīties uz vietas veikalā!" class="tag i"></div>

        </div>

        <div class="info-notice">
            


                                                                            </div>

        <div class="img">
          <img alt="Papīra dvieļi BLOOM Jumbo 2sl.1r.500lap." src="/uploads/sale/2025/sales_page/10/29//papira-dvieli-bloom-jumbo-2sl-1r-500lap-00085-0120091017.png?1768893017">
        </div>
        <div class="text paldies-card      ">
            <div class="title">Papīra dvieļi BLOOM Jumbo 2sl.1r.500lap.</div>
            <div class="pack">
                <span class="ptitle"></span>
                <span class="price"> 4.70 €/gab</span>
            </div>
                    </div>
        <div class="infopop">
            <div class="in"><span></span>
                <div class="arrow_top"></div>
                <div class="arrow_bottom"></div>
            </div>
        </div>
    </div>
</div><div class="col-third offer-item">
    <div class="item bl_shadow product-237182 paldies-card  offer-2-l-sp-sku units-price        " data-product-id="237182" data-timeout="77" data-dates-interval="06.05.2025. - 29.04.2026." tabindex="0" role="button">
                                                    <div class="discount price with-unit-price ">
                                                                            <div class="paldies-card-icon with-unit-price">
                        <img src="/images/front/icons/paldies2-icon.png" alt="Paldies">
                    </div>
                                                                
                    <div class="t1 with-unit-price paldies-card">
            <span class="value">19</span>
            <span class="cents">99</span>
            <span class="eur">€</span>
            <span class="unit-price">0.29 €/gab</span>
        </div>
                    <div class="t2">
                <span class="value">36,99</span>
                <span class="eur">€</span>
            </div>
            <div class="t3 with-unit-price">
                <span class="value">36</span>
                <span class="cents">99</span>
                <span class="eur">€</span>
                <span class="unit-price">0.53 €/gab</span>            </div>
            
    <span class="vline"></span>
</div>                    		
        
        
        <div class="tags tags_primary bottom_icons">
                                                            
                                <div data-alt="Atlaide ar PALDIES karti" class="tag tag-soap-2 " style="background-image: url('/uploads/sale/atlaide-ar-paldies-karti-7358.png');                     ">
                </div>
                                                                            
                                <div data-alt="CENU LĪDERI" class="tag tag-soap-29 " style="background-image: url('/uploads/sale/cenu-lideri-6010.png');                     ">
                </div>
                            
                    </div>
        <div class="tags tags_primary info_icon">
            
    <div data-alt="Preču piedāvājums atšķirīgs Maxima veikalos, ar aktuālo akcijas preču piedāvājumu aicinām iepazīties uz vietas veikalā!" class="tag i"></div>

        </div>

        <div class="info-notice">
            


                                                                            </div>

        <div class="img">
          <img alt="Veļas mazgāš.kapsulas ARIEL Color 70gb" src="/uploads/sale/2025/sales_page/10/29//velas-mazgas-kapsulas-ariel-color-70gb-00089-0210095523.png?1770710123">
        </div>
        <div class="text paldies-card      ">
            <div class="title">Veļas mazgāš.kapsulas ARIEL Color 70gb</div>
            <div class="pack">
                <span class="ptitle"></span>
                <span class="price"> 0.53 €/gab</span>
            </div>
                    </div>
        <div class="infopop">
            <div class="in"><span></span>
                <div class="arrow_top"></div>
                <div class="arrow_bottom"></div>
            </div>
        </div>
    </div>
</div><div class="col-third offer-item">
    <div class="item bl_shadow product-237162 paldies-card  offer-2-l-sp-sku units-price        " data-product-id="237162" data-timeout="77" data-dates-interval="30.10.2025. - 29.04.2026." tabindex="0" role="button">
                                                    <div class="discount price with-unit-price ">
                                                                            <div class="paldies-card-icon with-unit-price">
                        <img src="/images/front/icons/paldies2-icon.png" alt="Paldies">
                    </div>
                                                                
                    <div class="t1 with-unit-price paldies-card">
            <span class="value">3</span>
            <span class="cents">99</span>
            <span class="eur">€</span>
            <span class="unit-price">53.20 €/l</span>
        </div>
                    <div class="t2">
                <span class="value">6,69</span>
                <span class="eur">€</span>
            </div>
            <div class="t3 with-unit-price">
                <span class="value">6</span>
                <span class="cents">69</span>
                <span class="eur">€</span>
                <span class="unit-price">89.20 €/l</span>            </div>
            
    <span class="vline"></span>
</div>                    		
        
        
        <div class="tags tags_primary bottom_icons">
                                                            
                                <div data-alt="Atlaide ar PALDIES karti" class="tag tag-soap-2 " style="background-image: url('/uploads/sale/atlaide-ar-paldies-karti-7358.png');                     ">
                </div>
                                                                            
                                <div data-alt="CENU LĪDERI" class="tag tag-soap-29 " style="background-image: url('/uploads/sale/cenu-lideri-6010.png');                     ">
                </div>
                            
                    </div>
        <div class="tags tags_primary info_icon">
            
    <div data-alt="Preču piedāvājums atšķirīgs Maxima veikalos, ar aktuālo akcijas preču piedāvājumu aicinām iepazīties uz vietas veikalā!" class="tag i"></div>

        </div>

        <div class="info-notice">
            


                                                                            </div>

        <div class="img">
          <img alt="Zob.pasta SENSODYNE EXTRA WHITENING 75ml" src="/uploads/sale/2025/sales_page/10/29//zob-pasta-sensodyne-extra-whitening-75ml-00107-1029180630.png?1761753990">
        </div>
        <div class="text paldies-card      ">
            <div class="title">Zob.pasta SENSODYNE EXTRA WHITENING 75ml</div>
            <div class="pack">
                <span class="ptitle"></span>
                <span class="price"> 89.20 €/l</span>
            </div>
                    </div>
        <div class="infopop">
            <div class="in"><span></span>
                <div class="arrow_top"></div>
                <div class="arrow_bottom"></div>
            </div>
        </div>
    </div>
</div><div class="col-third offer-item">
    <div class="item bl_shadow product-237165 paldies-card  offer-2-l-sp-sku units-price        " data-product-id="237165" data-timeout="77" data-dates-interval="30.10.2025. - 29.04.2026." tabindex="0" role="button">
                                                    <div class="discount price with-unit-price ">
                                                                            <div class="paldies-card-icon with-unit-price">
                        <img src="/images/front/icons/paldies2-icon.png" alt="Paldies">
                    </div>
                                                                
                    <div class="t1 with-unit-price paldies-card">
            <span class="value">2</span>
            <span class="cents">59</span>
            <span class="eur">€</span>
            <span class="unit-price">34.53 €/l</span>
        </div>
                    <div class="t2">
                <span class="value">5,59</span>
                <span class="eur">€</span>
            </div>
            <div class="t3 with-unit-price">
                <span class="value">5</span>
                <span class="cents">59</span>
                <span class="eur">€</span>
                <span class="unit-price">74.53 €/l</span>            </div>
            
    <span class="vline"></span>
</div>                    		
        
        
        <div class="tags tags_primary bottom_icons">
                                                            
                                <div data-alt="Atlaide ar PALDIES karti" class="tag tag-soap-2 " style="background-image: url('/uploads/sale/atlaide-ar-paldies-karti-7358.png');                     ">
                </div>
                                                                            
                                <div data-alt="CENU LĪDERI" class="tag tag-soap-29 " style="background-image: url('/uploads/sale/cenu-lideri-6010.png');                     ">
                </div>
                            
                    </div>
        <div class="tags tags_primary info_icon">
            
    <div data-alt="Preču piedāvājums atšķirīgs Maxima veikalos, ar aktuālo akcijas preču piedāvājumu aicinām iepazīties uz vietas veikalā!" class="tag i"></div>

        </div>

        <div class="info-notice">
            


                                                                            </div>

        <div class="img">
          <img alt="Zobu pasta PRESIDENT WHITE 75ml" src="/uploads/sale/2025/sales_page/10/29//zobu-pasta-president-white-75ml-00110-0210090518.png?1770707118">
        </div>
        <div class="text paldies-card      ">
            <div class="title">Zobu pasta PRESIDENT WHITE 75ml</div>
            <div class="pack">
                <span class="ptitle"></span>
                <span class="price"> 74.53 €/l</span>
            </div>
                    </div>
        <div class="infopop">
            <div class="in"><span></span>
                <div class="arrow_top"></div>
                <div class="arrow_bottom"></div>
            </div>
        </div>
    </div>
</div><div class="col-third offer-item">
    <div class="item bl_shadow product-237167 paldies-card  offer-2-l-sp-sku units-price        " data-product-id="237167" data-timeout="77" data-dates-interval="30.10.2025. - 29.04.2026." tabindex="0" role="button">
                                                    <div class="discount price with-unit-price ">
                                                                            <div class="paldies-card-icon with-unit-price">
                        <img src="/images/front/icons/paldies2-icon.png" alt="Paldies">
                    </div>
                                                                
                    <div class="t1 with-unit-price paldies-card">
            <span class="value">5</span>
            <span class="cents">99</span>
            <span class="eur">€</span>
            <span class="unit-price">19.97 €/l</span>
        </div>
                    <div class="t2">
                <span class="value">10,79</span>
                <span class="eur">€</span>
            </div>
            <div class="t3 with-unit-price">
                <span class="value">10</span>
                <span class="cents">79</span>
                <span class="eur">€</span>
                <span class="unit-price">35.97 €/l</span>            </div>
            
    <span class="vline"></span>
</div>                    		
        
        
        <div class="tags tags_primary bottom_icons">
                                                            
                                <div data-alt="Atlaide ar PALDIES karti" class="tag tag-soap-2 " style="background-image: url('/uploads/sale/atlaide-ar-paldies-karti-7358.png');                     ">
                </div>
                                                                            
                                <div data-alt="CENU LĪDERI" class="tag tag-soap-29 " style="background-image: url('/uploads/sale/cenu-lideri-6010.png');                     ">
                </div>
                            
                    </div>
        <div class="tags tags_primary info_icon">
            
    <div data-alt="Preču piedāvājums atšķirīgs Maxima veikalos, ar aktuālo akcijas preču piedāvājumu aicinām iepazīties uz vietas veikalā!" class="tag i"></div>

        </div>

        <div class="info-notice">
            


                                                                            </div>

        <div class="img">
          <img alt="Matu laka SYOSS Max Hold 300ml" src="/uploads/sale/2025/sales_page/10/29//matu-laka-syoss-max-hold-300ml-00112-1029180635.png?1761753995">
        </div>
        <div class="text paldies-card      ">
            <div class="title">Matu laka SYOSS Max Hold 300ml</div>
            <div class="pack">
                <span class="ptitle"></span>
                <span class="price"> 35.97 €/l</span>
            </div>
                    </div>
        <div class="infopop">
            <div class="in"><span></span>
                <div class="arrow_top"></div>
                <div class="arrow_bottom"></div>
            </div>
        </div>
    </div>
</div><div class="col-third offer-item">
    <div class="item bl_shadow product-237169 paldies-card  offer-2-l-sp-sku units-price        " data-product-id="237169" data-timeout="77" data-dates-interval="30.10.2025. - 29.04.2026." tabindex="0" role="button">
                                                    <div class="discount price with-unit-price ">
                                                                            <div class="paldies-card-icon with-unit-price">
                        <img src="/images/front/icons/paldies2-icon.png" alt="Paldies">
                    </div>
                                                                
                    <div class="t1 with-unit-price paldies-card">
            <span class="value">1</span>
            <span class="cents">99</span>
            <span class="eur">€</span>
            <span class="unit-price">0.06 €/gab</span>
        </div>
                    <div class="t2">
                <span class="value">3,29</span>
                <span class="eur">€</span>
            </div>
            <div class="t3 with-unit-price">
                <span class="value">3</span>
                <span class="cents">29</span>
                <span class="eur">€</span>
                <span class="unit-price">0.09 €/gab</span>            </div>
            
    <span class="vline"></span>
</div>                    		
        
        
        <div class="tags tags_primary bottom_icons">
                                                            
                                <div data-alt="Atlaide ar PALDIES karti" class="tag tag-soap-2 " style="background-image: url('/uploads/sale/atlaide-ar-paldies-karti-7358.png');                     ">
                </div>
                                                                            
                                <div data-alt="CENU LĪDERI" class="tag tag-soap-29 " style="background-image: url('/uploads/sale/cenu-lideri-6010.png');                     ">
                </div>
                            
                    </div>
        <div class="tags tags_primary info_icon">
            
    <div data-alt="Preču piedāvājums atšķirīgs Maxima veikalos, ar aktuālo akcijas preču piedāvājumu aicinām iepazīties uz vietas veikalā!" class="tag i"></div>

        </div>

        <div class="info-notice">
            


                                                                            </div>

        <div class="img">
          <img alt="Starpzobu diegs JORDAN Flosser 3in1 50gb" src="/uploads/sale/2025/sales_page/10/29//starpzobu-diegs-jordan-flosser-3in1-50gb-00114-1029180635.png?1761753995">
        </div>
        <div class="text paldies-card      ">
            <div class="title">Starpzobu diegs JORDAN Flosser 3in1 50gb</div>
            <div class="pack">
                <span class="ptitle"></span>
                <span class="price"> 0.09 €/gab</span>
            </div>
                    </div>
        <div class="infopop">
            <div class="in"><span></span>
                <div class="arrow_top"></div>
                <div class="arrow_bottom"></div>
            </div>
        </div>
    </div>
</div><div class="col-third offer-item">
    <div class="item bl_shadow product-237171 paldies-card  offer-2-l-sp-sku units-price        " data-product-id="237171" data-timeout="77" data-dates-interval="20.02.2024. - 29.04.2026." tabindex="0" role="button">
                                                    <div class="discount price with-unit-price ">
                                                                            <div class="paldies-card-icon with-unit-price">
                        <img src="/images/front/icons/paldies2-icon.png" alt="Paldies">
                    </div>
                                                                
                    <div class="t1 with-unit-price paldies-card">
            <span class="value">4</span>
            <span class="cents">69</span>
            <span class="eur">€</span>
            <span class="unit-price">0.39 €/gab</span>
        </div>
                    <div class="t2">
                <span class="value">8,49</span>
                <span class="eur">€</span>
            </div>
            <div class="t3 with-unit-price">
                <span class="value">8</span>
                <span class="cents">49</span>
                <span class="eur">€</span>
                <span class="unit-price">0.71 €/gab</span>            </div>
            
    <span class="vline"></span>
</div>                    		
        
        
        <div class="tags tags_primary bottom_icons">
                                                            
                                <div data-alt="Atlaide ar PALDIES karti" class="tag tag-soap-2 " style="background-image: url('/uploads/sale/atlaide-ar-paldies-karti-7358.png');                     ">
                </div>
                                                                            
                                <div data-alt="CENU LĪDERI" class="tag tag-soap-29 " style="background-image: url('/uploads/sale/cenu-lideri-6010.png');                     ">
                </div>
                            
                    </div>
        <div class="tags tags_primary info_icon">
            
    <div data-alt="Preču piedāvājums atšķirīgs Maxima veikalos, ar aktuālo akcijas preču piedāvājumu aicinām iepazīties uz vietas veikalā!" class="tag i"></div>

        </div>

        <div class="info-notice">
            


                                                                            </div>

        <div class="img">
          <img alt="Tualetes papīrs ZEWA Moll White 3k. 12r." src="/uploads/sale/2025/sales_page/10/29//tualetes-papirs-zewa-moll-white-3k-12r-00116-1029180635.png?1761753995">
        </div>
        <div class="text paldies-card      ">
            <div class="title">Tualetes papīrs ZEWA Moll White 3k. 12r.</div>
            <div class="pack">
                <span class="ptitle"></span>
                <span class="price"> 0.71 €/gab</span>
            </div>
                    </div>
        <div class="infopop">
            <div class="in"><span></span>
                <div class="arrow_top"></div>
                <div class="arrow_bottom"></div>
            </div>
        </div>
    </div>
</div><div class="col-third offer-item">
    <div class="item bl_shadow product-237350 paldies-card  offer-2-l-sp-sku units-price        " data-product-id="237350" data-timeout="77" data-dates-interval="22.10.2024. - 29.04.2026." tabindex="0" role="button">
                                                    <div class="discount price with-unit-price ">
                                                                            <div class="paldies-card-icon with-unit-price">
                        <img src="/images/front/icons/paldies2-icon.png" alt="Paldies">
                    </div>
                                                                                                
                    <div class="t1 with-unit-price paldies-card">
            <span class="value">13</span>
            <span class="cents">99</span>
            <span class="eur">€</span>
            <span class="unit-price">0.27 €/gab</span>
        </div>
                    <div class="t2">
                <span class="value">19,59</span>
                <span class="eur">€</span>
            </div>
            <div class="t3 with-unit-price">
                <span class="value">19</span>
                <span class="cents">59</span>
                <span class="eur">€</span>
                <span class="unit-price">0.38 €/gab</span>            </div>
            
    <span class="vline"></span>
</div>                    		
        
        
        <div class="tags tags_primary bottom_icons">
                                                            
                                <div data-alt="Atlaide ar PALDIES karti" class="tag tag-soap-2 " style="background-image: url('/uploads/sale/atlaide-ar-paldies-karti-7358.png');                     ">
                </div>
                                                                            
                                <div data-alt="Mazuļu klubs" class="tag tag-soap-8 " style="background-image: url('/uploads/sale/mazulu-klubs-3549.png');                     ">
                </div>
                                                                            
                                <div data-alt="CENU LĪDERI" class="tag tag-soap-29 " style="background-image: url('/uploads/sale/cenu-lideri-6010.png');                     ">
                </div>
                            
                    </div>
        <div class="tags tags_primary info_icon">
            
    <div data-alt="Preču piedāvājums atšķirīgs Maxima veikalos, ar aktuālo akcijas preču piedāvājumu aicinām iepazīties uz vietas veikalā!" class="tag i"></div>

        </div>

        <div class="info-notice">
            


                                                                                                        </div>

        <div class="img">
          <img alt="Autiņb.biksīt.PAMPERS S4 9-15kg 52gab." src="/uploads/sale/2025/sales_page/10/29//autinb-biksit-pampers-s4-9-15kg-52gab-00530-1029180635.png?1761753995">
        </div>
        <div class="text paldies-card      ">
            <div class="title">Autiņb.biksīt.PAMPERS S4 9-15kg 52gab.</div>
            <div class="pack">
                <span class="ptitle"></span>
                <span class="price"> 0.38 €/gab</span>
            </div>
                    </div>
        <div class="infopop">
            <div class="in"><span></span>
                <div class="arrow_top"></div>
                <div class="arrow_bottom"></div>
            </div>
        </div>
    </div>
</div><div class="col-third offer-item">
    <div class="item bl_shadow product-237351 paldies-card  offer-2-l-sp-sku units-price        " data-product-id="237351" data-timeout="77" data-dates-interval="22.10.2024. - 29.04.2026." tabindex="0" role="button">
                                                    <div class="discount price with-unit-price ">
                                                                            <div class="paldies-card-icon with-unit-price">
                        <img src="/images/front/icons/paldies2-icon.png" alt="Paldies">
                    </div>
                                                                                                
                    <div class="t1 with-unit-price paldies-card">
            <span class="value">13</span>
            <span class="cents">99</span>
            <span class="eur">€</span>
            <span class="unit-price">0.29 €/gab</span>
        </div>
                    <div class="t2">
                <span class="value">19,59</span>
                <span class="eur">€</span>
            </div>
            <div class="t3 with-unit-price">
                <span class="value">19</span>
                <span class="cents">59</span>
                <span class="eur">€</span>
                <span class="unit-price">0.41 €/gab</span>            </div>
            
    <span class="vline"></span>
</div>                    		
        
        
        <div class="tags tags_primary bottom_icons">
                                                            
                                <div data-alt="Atlaide ar PALDIES karti" class="tag tag-soap-2 " style="background-image: url('/uploads/sale/atlaide-ar-paldies-karti-7358.png');                     ">
                </div>
                                                                            
                                <div data-alt="Mazuļu klubs" class="tag tag-soap-8 " style="background-image: url('/uploads/sale/mazulu-klubs-3549.png');                     ">
                </div>
                                                                            
                                <div data-alt="CENU LĪDERI" class="tag tag-soap-29 " style="background-image: url('/uploads/sale/cenu-lideri-6010.png');                     ">
                </div>
                            
                    </div>
        <div class="tags tags_primary info_icon">
            
    <div data-alt="Preču piedāvājums atšķirīgs Maxima veikalos, ar aktuālo akcijas preču piedāvājumu aicinām iepazīties uz vietas veikalā!" class="tag i"></div>

        </div>

        <div class="info-notice">
            


                                                                                                        </div>

        <div class="img">
          <img alt="Autiņb.biksīt.PAMPERS S5 12-17kg 48gab." src="/uploads/sale/2025/sales_page/10/29//autinb-biksit-pampers-s5-12-17kg-48gab-00531-1029180635.png?1761753995">
        </div>
        <div class="text paldies-card      ">
            <div class="title">Autiņb.biksīt.PAMPERS S5 12-17kg 48gab.</div>
            <div class="pack">
                <span class="ptitle"></span>
                <span class="price"> 0.41 €/gab</span>
            </div>
                    </div>
        <div class="infopop">
            <div class="in"><span></span>
                <div class="arrow_top"></div>
                <div class="arrow_bottom"></div>
            </div>
        </div>
    </div>
</div><div class="col-third offer-item">
    <div class="item bl_shadow product-237352 paldies-card  offer-2-l-sp-sku units-price        " data-product-id="237352" data-timeout="77" data-dates-interval="22.10.2024. - 29.04.2026." tabindex="0" role="button">
                                                    <div class="discount price with-unit-price ">
                                                                            <div class="paldies-card-icon with-unit-price">
                        <img src="/images/front/icons/paldies2-icon.png" alt="Paldies">
                    </div>
                                                                                                
                    <div class="t1 with-unit-price paldies-card">
            <span class="value">13</span>
            <span class="cents">99</span>
            <span class="eur">€</span>
            <span class="unit-price">0.32 €/gab</span>
        </div>
                    <div class="t2">
                <span class="value">19,59</span>
                <span class="eur">€</span>
            </div>
            <div class="t3 with-unit-price">
                <span class="value">19</span>
                <span class="cents">59</span>
                <span class="eur">€</span>
                <span class="unit-price">0.45 €/gab</span>            </div>
            
    <span class="vline"></span>
</div>                    		
        
        
        <div class="tags tags_primary bottom_icons">
                                                            
                                <div data-alt="Atlaide ar PALDIES karti" class="tag tag-soap-2 " style="background-image: url('/uploads/sale/atlaide-ar-paldies-karti-7358.png');                     ">
                </div>
                                                                            
                                <div data-alt="Mazuļu klubs" class="tag tag-soap-8 " style="background-image: url('/uploads/sale/mazulu-klubs-3549.png');                     ">
                </div>
                                                                            
                                <div data-alt="CENU LĪDERI" class="tag tag-soap-29 " style="background-image: url('/uploads/sale/cenu-lideri-6010.png');                     ">
                </div>
                            
                    </div>
        <div class="tags tags_primary info_icon">
            
    <div data-alt="Preču piedāvājums atšķirīgs Maxima veikalos, ar aktuālo akcijas preču piedāvājumu aicinām iepazīties uz vietas veikalā!" class="tag i"></div>

        </div>

        <div class="info-notice">
            


                                                                                                        </div>

        <div class="img">
          <img alt="Autiņb.biksīt.PAMPERS S6 15+ kg 44gab." src="/uploads/sale/2025/sales_page/10/29//autinb-biksit-pampers-s6-15-kg-44gab-00532-1029180632.png?1761753992">
        </div>
        <div class="text paldies-card      ">
            <div class="title">Autiņb.biksīt.PAMPERS S6 15+ kg 44gab.</div>
            <div class="pack">
                <span class="ptitle"></span>
                <span class="price"> 0.45 €/gab</span>
            </div>
                    </div>
        <div class="infopop">
            <div class="in"><span></span>
                <div class="arrow_top"></div>
                <div class="arrow_bottom"></div>
            </div>
        </div>
    </div>
</div><div class="col-third offer-item">
    <div class="item bl_shadow product-237385 paldies-card  offer-2-l-sp-sku units-price        " data-product-id="237385" data-timeout="77" data-dates-interval="10.09.2024. - 29.04.2026." tabindex="0" role="button">
                                                    <div class="discount price with-unit-price ">
                                                                            <div class="paldies-card-icon with-unit-price">
                        <img src="/images/front/icons/paldies2-icon.png" alt="Paldies">
                    </div>
                                                                
                    <div class="t1 with-unit-price paldies-card">
            <span class="value">3</span>
            <span class="cents">59</span>
            <span class="eur">€</span>
            <span class="unit-price">35.90 €/kg</span>
        </div>
                    <div class="t2">
                <span class="value">5,49</span>
                <span class="eur">€</span>
            </div>
            <div class="t3 with-unit-price">
                <span class="value">5</span>
                <span class="cents">49</span>
                <span class="eur">€</span>
                <span class="unit-price">54.90 €/kg</span>            </div>
            
    <span class="vline"></span>
</div>                    		
        
        
        <div class="tags tags_primary bottom_icons">
                                                            
                                <div data-alt="Atlaide ar PALDIES karti" class="tag tag-soap-2 " style="background-image: url('/uploads/sale/atlaide-ar-paldies-karti-7358.png');                     ">
                </div>
                                                                            
                                <div data-alt="CENU LĪDERI" class="tag tag-soap-29 " style="background-image: url('/uploads/sale/cenu-lideri-6010.png');                     ">
                </div>
                            
                    </div>
        <div class="tags tags_primary info_icon">
            
    <div data-alt="Preču piedāvājums atšķirīgs Maxima veikalos, ar aktuālo akcijas preču piedāvājumu aicinām iepazīties uz vietas veikalā!" class="tag i"></div>

        </div>

        <div class="info-notice">
            


                                                                            </div>

        <div class="img">
          <img alt="Tualetes bloks BREF CA Eucalyptus 2x50g" src="/uploads/sale/2025/sales_page/10/29//tualetes-bloks-bref-ca-eucalyptus-2x50g-00534-1029180526.png?1761753926">
        </div>
        <div class="text paldies-card      ">
            <div class="title">Tualetes bloks BREF CA Eucalyptus 2x50g</div>
            <div class="pack">
                <span class="ptitle"></span>
                <span class="price"> 54.90 €/kg</span>
            </div>
                    </div>
        <div class="infopop">
            <div class="in"><span></span>
                <div class="arrow_top"></div>
                <div class="arrow_bottom"></div>
            </div>
        </div>
    </div>
</div><div class="col-third offer-item">
    <div class="item bl_shadow product-237568 paldies-card  offer-2-l-sp-sku units-price        " data-product-id="237568" data-timeout="77" data-dates-interval="30.10.2025. - 29.04.2026." tabindex="0" role="button">
                                                    <div class="discount price with-unit-price ">
                                                                            <div class="paldies-card-icon with-unit-price">
                        <img src="/images/front/icons/paldies2-icon.png" alt="Paldies">
                    </div>
                                                                                                                                
                    <div class="t1 with-unit-price paldies-card">
            <span class="value">5</span>
            <span class="cents">99</span>
            <span class="eur">€</span>
            <span class="unit-price">14.98 €/l</span>
        </div>
                    <div class="t2">
                <span class="value">10,79</span>
                <span class="eur">€</span>
            </div>
            <div class="t3 with-unit-price">
                <span class="value">10</span>
                <span class="cents">79</span>
                <span class="eur">€</span>
                <span class="unit-price">26.98 €/l</span>            </div>
            
    <span class="vline"></span>
</div>                    		
        
        
        <div class="tags tags_primary bottom_icons">
                                                            
                                <div data-alt="Atlaide ar PALDIES karti" class="tag tag-soap-2 " style="background-image: url('/uploads/sale/atlaide-ar-paldies-karti-7358.png');                     ">
                </div>
                                                                            
                                <div data-alt="Prece pieejama MAXIMA XX veikalos" class="tag tag-soap-3 tag-shops" style="background-image: url('/uploads/sale/piedavajums-speka-maxima-xx-veikalos-6057.png');                     ">
                </div>
                                                                            
                                <div data-alt="Prece pieejama MAXIMA XXX veikalos" class="tag tag-soap-4 tag-shops" style="background-image: url('/uploads/sale/piedavajums-speka-maxima-xxx-veikalos-3117.png');                     ">
                </div>
                                                                            
                                <div data-alt="CENU LĪDERI" class="tag tag-soap-29 " style="background-image: url('/uploads/sale/cenu-lideri-6010.png');                     ">
                </div>
                            
                    </div>
        <div class="tags tags_primary info_icon">
            
    <div data-alt="Preču piedāvājums atšķirīgs Maxima veikalos, ar aktuālo akcijas preču piedāvājumu aicinām iepazīties uz vietas veikalā!" class="tag i"></div>

        </div>

        <div class="info-notice">
            


                                                                                                                                    </div>

        <div class="img">
          <img alt="Mutes skal līdz.ELMEX Sensitive 400ml" src="/uploads/sale/2025/sales_page/10/31//mutes-skal-lidz-elmex-sensitive-400ml-00535-0210085518.png?1770706518">
        </div>
        <div class="text paldies-card      ">
            <div class="title">Mutes skal līdz.ELMEX Sensitive 400ml</div>
            <div class="pack">
                <span class="ptitle"></span>
                <span class="price"> 26.98 €/l</span>
            </div>
                    </div>
        <div class="infopop">
            <div class="in"><span></span>
                <div class="arrow_top"></div>
                <div class="arrow_bottom"></div>
            </div>
        </div>
    </div>
</div><div class="col-third offer-item">
    <div class="item bl_shadow product-237438 paldies-card  offer-2-l-sp-sku units-price        " data-product-id="237438" data-timeout="77" data-dates-interval="26.11.2024. - 29.04.2026." tabindex="0" role="button">
                                                    <div class="discount price with-unit-price ">
                                                                            <div class="paldies-card-icon with-unit-price">
                        <img src="/images/front/icons/paldies2-icon.png" alt="Paldies">
                    </div>
                                                                                                
                    <div class="t1 with-unit-price paldies-card">
            <span class="value">2</span>
            <span class="cents">79</span>
            <span class="eur">€</span>
            <span class="unit-price">55.80 €/l</span>
        </div>
                    <div class="t2">
                <span class="value">2,99</span>
                <span class="eur">€</span>
            </div>
            <div class="t3 with-unit-price">
                <span class="value">2</span>
                <span class="cents">99</span>
                <span class="eur">€</span>
                <span class="unit-price">59.80 €/l</span>            </div>
            
    <span class="vline"></span>
</div>                    		
        
        
        <div class="tags tags_primary bottom_icons">
                                                            
                                <div data-alt="Atlaide ar PALDIES karti" class="tag tag-soap-2 " style="background-image: url('/uploads/sale/atlaide-ar-paldies-karti-7358.png');                     ">
                </div>
                                                                            
                                <div data-alt="Prece pieejama MAXIMA XXX veikalos" class="tag tag-soap-4 tag-shops" style="background-image: url('/uploads/sale/piedavajums-speka-maxima-xxx-veikalos-3117.png');                     ">
                </div>
                                                                            
                                <div data-alt="CENU LĪDERI" class="tag tag-soap-29 " style="background-image: url('/uploads/sale/cenu-lideri-6010.png');                     ">
                </div>
                            
                    </div>
        <div class="tags tags_primary info_icon">
            
    <div data-alt="Preču piedāvājums atšķirīgs Maxima veikalos, ar aktuālo akcijas preču piedāvājumu aicinām iepazīties uz vietas veikalā!" class="tag i"></div>

        </div>

        <div class="info-notice">
            


                                                                                                        </div>

        <div class="img">
          <img alt="Dez.rul.NIVEA Black&amp;White Fresh sie.50ml" src="/uploads/sale/2025/sales_page/10/29//dez-rul-nivea-black-white-fresh-sie-50ml-00554-1029180528.png?1761753928">
        </div>
        <div class="text paldies-card      ">
            <div class="title">Dez.rul.NIVEA Black&amp;White Fresh sie.50ml</div>
            <div class="pack">
                <span class="ptitle"></span>
                <span class="price"> 59.80 €/l</span>
            </div>
                    </div>
        <div class="infopop">
            <div class="in"><span></span>
                <div class="arrow_top"></div>
                <div class="arrow_bottom"></div>
            </div>
        </div>
    </div>
</div><div class="col-third offer-item">
    <div class="item bl_shadow product-237439 paldies-card  offer-2-l-sp-sku units-price        " data-product-id="237439" data-timeout="77" data-dates-interval="16.03.2023. - 29.04.2026." tabindex="0" role="button">
                                                    <div class="discount price with-unit-price ">
                                                                            <div class="paldies-card-icon with-unit-price">
                        <img src="/images/front/icons/paldies2-icon.png" alt="Paldies">
                    </div>
                                                                
                    <div class="t1 with-unit-price paldies-card">
            <span class="value">2</span>
            <span class="cents">99</span>
            <span class="eur">€</span>
            <span class="unit-price">0.37 €/gab</span>
        </div>
                    <div class="t2">
                <span class="value">4,70</span>
                <span class="eur">€</span>
            </div>
            <div class="t3 with-unit-price">
                <span class="value">4</span>
                <span class="cents">70</span>
                <span class="eur">€</span>
                <span class="unit-price">0.59 €/gab</span>            </div>
            
    <span class="vline"></span>
</div>                    		
        
        
        <div class="tags tags_primary bottom_icons">
                                                            
                                <div data-alt="Atlaide ar PALDIES karti" class="tag tag-soap-2 " style="background-image: url('/uploads/sale/atlaide-ar-paldies-karti-7358.png');                     ">
                </div>
                                                                            
                                <div data-alt="CENU LĪDERI" class="tag tag-soap-29 " style="background-image: url('/uploads/sale/cenu-lideri-6010.png');                     ">
                </div>
                            
                    </div>
        <div class="tags tags_primary info_icon">
            
    <div data-alt="Preču piedāvājums atšķirīgs Maxima veikalos, ar aktuālo akcijas preču piedāvājumu aicinām iepazīties uz vietas veikalā!" class="tag i"></div>

        </div>

        <div class="info-notice">
            


                                                                            </div>

        <div class="img">
          <img alt="Tualetes papīrs GRITE Blossom 3k. 8r." src="/uploads/sale/2025/sales_page/10/29//tualetes-papirs-grite-blossom-3k-8r-00555-1029180528.png?1761753928">
        </div>
        <div class="text paldies-card      ">
            <div class="title">Tualetes papīrs GRITE Blossom 3k. 8r.</div>
            <div class="pack">
                <span class="ptitle"></span>
                <span class="price"> 0.59 €/gab</span>
            </div>
                    </div>
        <div class="infopop">
            <div class="in"><span></span>
                <div class="arrow_top"></div>
                <div class="arrow_bottom"></div>
            </div>
        </div>
    </div>
</div><div class="col-third offer-item">
    <div class="item bl_shadow product-237572 paldies-card  offer-2-l-sp-sku units-price        " data-product-id="237572" data-timeout="77" data-dates-interval="27.03.2025. - 29.04.2026." tabindex="0" role="button">
                                                    <div class="discount price with-unit-price ">
                                                                            <div class="paldies-card-icon with-unit-price">
                        <img src="/images/front/icons/paldies2-icon.png" alt="Paldies">
                    </div>
                                                                                                                                
                    <div class="t1 with-unit-price paldies-card">
            <span class="value">2</span>
            <span class="cents">79</span>
            <span class="eur">€</span>
            <span class="unit-price">18.60 €/l</span>
        </div>
                    <div class="t2">
                <span class="value">3,79</span>
                <span class="eur">€</span>
            </div>
            <div class="t3 with-unit-price">
                <span class="value">3</span>
                <span class="cents">79</span>
                <span class="eur">€</span>
                <span class="unit-price">25.27 €/l</span>            </div>
            
    <span class="vline"></span>
</div>                    		
        
        
        <div class="tags tags_primary bottom_icons">
                                                            
                                <div data-alt="Atlaide ar PALDIES karti" class="tag tag-soap-2 " style="background-image: url('/uploads/sale/atlaide-ar-paldies-karti-7358.png');                     ">
                </div>
                                                                            
                                <div data-alt="Prece pieejama MAXIMA XX veikalos" class="tag tag-soap-3 tag-shops" style="background-image: url('/uploads/sale/piedavajums-speka-maxima-xx-veikalos-6057.png');                     ">
                </div>
                                                                            
                                <div data-alt="Prece pieejama MAXIMA XXX veikalos" class="tag tag-soap-4 tag-shops" style="background-image: url('/uploads/sale/piedavajums-speka-maxima-xxx-veikalos-3117.png');                     ">
                </div>
                                                                            
                                <div data-alt="CENU LĪDERI" class="tag tag-soap-29 " style="background-image: url('/uploads/sale/cenu-lideri-6010.png');                     ">
                </div>
                            
                    </div>
        <div class="tags tags_primary info_icon">
            
    <div data-alt="Preču piedāvājums atšķirīgs Maxima veikalos, ar aktuālo akcijas preču piedāvājumu aicinām iepazīties uz vietas veikalā!" class="tag i"></div>

        </div>

        <div class="info-notice">
            


                                                                                                                                    </div>

        <div class="img">
          <img alt="Izsm.dez.NIVEA B&amp;W Fresh vīrieš.150ml" src="/uploads/sale/2025/sales_page/10/31//izsm-dez-nivea-b-w-fresh-viries-150ml-00556-0210093518.png?1770708918">
        </div>
        <div class="text paldies-card      ">
            <div class="title">Izsm.dez.NIVEA B&amp;W Fresh vīrieš.150ml</div>
            <div class="pack">
                <span class="ptitle"></span>
                <span class="price"> 25.27 €/l</span>
            </div>
                    </div>
        <div class="infopop">
            <div class="in"><span></span>
                <div class="arrow_top"></div>
                <div class="arrow_bottom"></div>
            </div>
        </div>
    </div>
</div><div class="col-third offer-item">
    <div class="item bl_shadow product-237441 paldies-card  offer-2-l-sp-sku units-price        " data-product-id="237441" data-timeout="77" data-dates-interval="30.07.2024. - 29.04.2026." tabindex="0" role="button">
                                                    <div class="discount price with-unit-price ">
                                                                            <div class="paldies-card-icon with-unit-price">
                        <img src="/images/front/icons/paldies2-icon.png" alt="Paldies">
                    </div>
                                                                
                    <div class="t1 with-unit-price paldies-card">
            <span class="value">1</span>
            <span class="cents">59</span>
            <span class="eur">€</span>
            <span class="unit-price">2.94 €/kg</span>
        </div>
                    <div class="t2">
                <span class="value">1,99</span>
                <span class="eur">€</span>
            </div>
            <div class="t3 with-unit-price">
                <span class="value">1</span>
                <span class="cents">99</span>
                <span class="eur">€</span>
                <span class="unit-price">3.69 €/kg</span>            </div>
            
    <span class="vline"></span>
</div>                    		
        
        
        <div class="tags tags_primary bottom_icons">
                                                            
                                <div data-alt="Atlaide ar PALDIES karti" class="tag tag-soap-2 " style="background-image: url('/uploads/sale/atlaide-ar-paldies-karti-7358.png');                     ">
                </div>
                                                                            
                                <div data-alt="CENU LĪDERI" class="tag tag-soap-29 " style="background-image: url('/uploads/sale/cenu-lideri-6010.png');                     ">
                </div>
                            
                    </div>
        <div class="tags tags_primary info_icon">
            
    <div data-alt="Preču piedāvājums atšķirīgs Maxima veikalos, ar aktuālo akcijas preču piedāvājumu aicinām iepazīties uz vietas veikalā!" class="tag i"></div>

        </div>

        <div class="info-notice">
            


                                                                            </div>

        <div class="img">
          <img alt="Attīr.krēms CIF Lemon ar mikrod. 540g" src="/uploads/sale/2025/sales_page/10/29//attir-krems-cif-lemon-ar-mikrod-540g-00558-0210095523.png?1770710123">
        </div>
        <div class="text paldies-card      ">
            <div class="title">Attīr.krēms CIF Lemon ar mikrod. 540g</div>
            <div class="pack">
                <span class="ptitle"></span>
                <span class="price"> 3.69 €/kg</span>
            </div>
                    </div>
        <div class="infopop">
            <div class="in"><span></span>
                <div class="arrow_top"></div>
                <div class="arrow_bottom"></div>
            </div>
        </div>
    </div>
</div><div class="col-third offer-item">
    <div class="item bl_shadow product-237412 paldies-card  offer-2-l-sp-sku units-price        " data-product-id="237412" data-timeout="77" data-dates-interval="16.03.2023. - 29.04.2026." tabindex="0" role="button">
                                                    <div class="discount price with-unit-price ">
                                                                            <div class="paldies-card-icon with-unit-price">
                        <img src="/images/front/icons/paldies2-icon.png" alt="Paldies">
                    </div>
                                                                                                
                    <div class="t1 with-unit-price paldies-card">
            <span class="value">5</span>
            <span class="cents">99</span>
            <span class="eur">€</span>
            <span class="unit-price">0.75 €/gab</span>
        </div>
                    <div class="t2">
                <span class="value">10,79</span>
                <span class="eur">€</span>
            </div>
            <div class="t3 with-unit-price">
                <span class="value">10</span>
                <span class="cents">79</span>
                <span class="eur">€</span>
                <span class="unit-price">1.35 €/gab</span>            </div>
            
    <span class="vline"></span>
</div>                    		
        
        
        <div class="tags tags_primary bottom_icons">
                                                            
                                <div data-alt="Atlaide ar PALDIES karti" class="tag tag-soap-2 " style="background-image: url('/uploads/sale/atlaide-ar-paldies-karti-7358.png');                     ">
                </div>
                                                                            
                                <div data-alt="Prece pieejama MAXIMA XXX veikalos" class="tag tag-soap-4 tag-shops" style="background-image: url('/uploads/sale/piedavajums-speka-maxima-xxx-veikalos-3117.png');                     ">
                </div>
                                                                            
                                <div data-alt="CENU LĪDERI" class="tag tag-soap-29 " style="background-image: url('/uploads/sale/cenu-lideri-6010.png');                     ">
                </div>
                            
                    </div>
        <div class="tags tags_primary info_icon">
            
    <div data-alt="Preču piedāvājums atšķirīgs Maxima veikalos, ar aktuālo akcijas preču piedāvājumu aicinām iepazīties uz vietas veikalā!" class="tag i"></div>

        </div>

        <div class="info-notice">
            


                                                                                                        </div>

        <div class="img">
          <img alt="Tual.papīrs ZEWA Exclusive Ultra..4k.8r." src="/uploads/sale/2025/sales_page/10/29//tual-papirs-zewa-exclusive-ultra-4k-8r-00559-1029180528.png?1761753928">
        </div>
        <div class="text paldies-card      ">
            <div class="title">Tual.papīrs ZEWA Exclusive Ultra..4k.8r.</div>
            <div class="pack">
                <span class="ptitle"></span>
                <span class="price"> 1.35 €/gab</span>
            </div>
                    </div>
        <div class="infopop">
            <div class="in"><span></span>
                <div class="arrow_top"></div>
                <div class="arrow_bottom"></div>
            </div>
        </div>
    </div>
</div><div class="col-third offer-item">
    <div class="item bl_shadow product-237413 paldies-card  offer-2-l-sp-sku units-price        " data-product-id="237413" data-timeout="77" data-dates-interval="30.07.2024. - 29.04.2026." tabindex="0" role="button">
                                                    <div class="discount price with-unit-price ">
                                                                            <div class="paldies-card-icon with-unit-price">
                        <img src="/images/front/icons/paldies2-icon.png" alt="Paldies">
                    </div>
                                                                                                                                
                    <div class="t1 with-unit-price paldies-card">
            <span class="value">4</span>
            <span class="cents">59</span>
            <span class="eur">€</span>
            <span class="unit-price">22.95 €/l</span>
        </div>
                    <div class="t2">
                <span class="value">6,69</span>
                <span class="eur">€</span>
            </div>
            <div class="t3 with-unit-price">
                <span class="value">6</span>
                <span class="cents">69</span>
                <span class="eur">€</span>
                <span class="unit-price">33.45 €/l</span>            </div>
            
    <span class="vline"></span>
</div>                    		
        
        
        <div class="tags tags_primary bottom_icons">
                                                            
                                <div data-alt="Atlaide ar PALDIES karti" class="tag tag-soap-2 " style="background-image: url('/uploads/sale/atlaide-ar-paldies-karti-7358.png');                     ">
                </div>
                                                                            
                                <div data-alt="Prece pieejama MAXIMA XX veikalos" class="tag tag-soap-3 tag-shops" style="background-image: url('/uploads/sale/piedavajums-speka-maxima-xx-veikalos-6057.png');                     ">
                </div>
                                                                            
                                <div data-alt="Prece pieejama MAXIMA XXX veikalos" class="tag tag-soap-4 tag-shops" style="background-image: url('/uploads/sale/piedavajums-speka-maxima-xxx-veikalos-3117.png');                     ">
                </div>
                                                                            
                                <div data-alt="CENU LĪDERI" class="tag tag-soap-29 " style="background-image: url('/uploads/sale/cenu-lideri-6010.png');                     ">
                </div>
                            
                    </div>
        <div class="tags tags_primary info_icon">
            
    <div data-alt="Preču piedāvājums atšķirīgs Maxima veikalos, ar aktuālo akcijas preču piedāvājumu aicinām iepazīties uz vietas veikalā!" class="tag i"></div>

        </div>

        <div class="info-notice">
            


                                                                                                                                    </div>

        <div class="img">
          <img alt="Traipu tīrīšanas līdz. VANISH Gold 200ml" src="/uploads/sale/2025/sales_page/10/29//traipu-tirisanas-lidz-vanish-gold-200ml-00560-1029180528.png?1761753928">
        </div>
        <div class="text paldies-card      ">
            <div class="title">Traipu tīrīšanas līdz. VANISH Gold 200ml</div>
            <div class="pack">
                <span class="ptitle"></span>
                <span class="price"> 33.45 €/l</span>
            </div>
                    </div>
        <div class="infopop">
            <div class="in"><span></span>
                <div class="arrow_top"></div>
                <div class="arrow_bottom"></div>
            </div>
        </div>
    </div>
</div><div class="col-third offer-item">
    <div class="item bl_shadow product-237554 paldies-card  offer-2-l-sp-sku units-price        " data-product-id="237554" data-timeout="77" data-dates-interval="30.10.2025. - 29.04.2026." tabindex="0" role="button">
                                                    <div class="discount price with-unit-price ">
                                                                            <div class="paldies-card-icon with-unit-price">
                        <img src="/images/front/icons/paldies2-icon.png" alt="Paldies">
                    </div>
                                                                
                    <div class="t1 with-unit-price paldies-card">
            <span class="value">3</span>
            <span class="cents">79</span>
            <span class="eur">€</span>
            <span class="unit-price">75.80 €/l</span>
        </div>
                    <div class="t2">
                <span class="value">6,29</span>
                <span class="eur">€</span>
            </div>
            <div class="t3 with-unit-price">
                <span class="value">6</span>
                <span class="cents">29</span>
                <span class="eur">€</span>
                <span class="unit-price">125.80 €/l</span>            </div>
            
    <span class="vline"></span>
</div>                    		
        
        
        <div class="tags tags_primary bottom_icons">
                                                            
                                <div data-alt="Atlaide ar PALDIES karti" class="tag tag-soap-2 " style="background-image: url('/uploads/sale/atlaide-ar-paldies-karti-7358.png');                     ">
                </div>
                                                                            
                                <div data-alt="CENU LĪDERI" class="tag tag-soap-29 " style="background-image: url('/uploads/sale/cenu-lideri-6010.png');                     ">
                </div>
                            
                    </div>
        <div class="tags tags_primary info_icon">
            
    <div data-alt="Preču piedāvājums atšķirīgs Maxima veikalos, ar aktuālo akcijas preču piedāvājumu aicinām iepazīties uz vietas veikalā!" class="tag i"></div>

        </div>

        <div class="info-notice">
            


                                                                            </div>

        <div class="img">
          <img alt="Sejas krēms GARNIER ar rožūdeni 50ml" src="/uploads/sale/2025/sales_page/10/30//sejas-krems-garnier-ar-rozudeni-50ml-00565-1030133024.png?1761823824">
        </div>
        <div class="text paldies-card      ">
            <div class="title">Sejas krēms GARNIER ar rožūdeni 50ml</div>
            <div class="pack">
                <span class="ptitle"></span>
                <span class="price"> 125.80 €/l</span>
            </div>
                    </div>
        <div class="infopop">
            <div class="in"><span></span>
                <div class="arrow_top"></div>
                <div class="arrow_bottom"></div>
            </div>
        </div>
    </div>
</div><div class="col-third offer-item">
    <div class="item bl_shadow product-237416 paldies-card  offer-2-l-sp-sku units-price        " data-product-id="237416" data-timeout="77" data-dates-interval="30.07.2024. - 29.04.2026." tabindex="0" role="button">
                                                    <div class="discount price with-unit-price ">
                                                                            <div class="paldies-card-icon with-unit-price">
                        <img src="/images/front/icons/paldies2-icon.png" alt="Paldies">
                    </div>
                                                                                                                                                                
                    <div class="t1 with-unit-price paldies-card">
            <span class="value">3</span>
            <span class="cents">19</span>
            <span class="eur">€</span>
            <span class="unit-price">4.56 €/l</span>
        </div>
                    <div class="t2">
                <span class="value">4,99</span>
                <span class="eur">€</span>
            </div>
            <div class="t3 with-unit-price">
                <span class="value">4</span>
                <span class="cents">99</span>
                <span class="eur">€</span>
                <span class="unit-price">7.13 €/l</span>            </div>
            
    <span class="vline"></span>
</div>                    		
        
        
        <div class="tags tags_primary bottom_icons">
                                                            
                                <div data-alt="Atlaide ar PALDIES karti" class="tag tag-soap-2 " style="background-image: url('/uploads/sale/atlaide-ar-paldies-karti-7358.png');                     ">
                </div>
                                                                            
                                <div data-alt="Prece pieejama MAXIMA XX veikalos" class="tag tag-soap-3 tag-shops" style="background-image: url('/uploads/sale/piedavajums-speka-maxima-xx-veikalos-6057.png');                     ">
                </div>
                                                                            
                                <div data-alt="Prece pieejama MAXIMA XXX veikalos" class="tag tag-soap-4 tag-shops" style="background-image: url('/uploads/sale/piedavajums-speka-maxima-xxx-veikalos-3117.png');                     ">
                </div>
                                                                            
                                <div data-alt="Latvijas produkts" class="tag tag-soap-6 " style="background-image: url('/uploads/sale/latvijas-produkts-3559.png');                     ">
                </div>
                                                                            
                                <div data-alt="CENU LĪDERI" class="tag tag-soap-29 " style="background-image: url('/uploads/sale/cenu-lideri-6010.png');                     ">
                </div>
                            
                    </div>
        <div class="tags tags_primary info_icon">
            
    <div data-alt="Preču piedāvājums atšķirīgs Maxima veikalos, ar aktuālo akcijas preču piedāvājumu aicinām iepazīties uz vietas veikalā!" class="tag i"></div>

        </div>

        <div class="info-notice">
            


                                                                                                                                                                </div>

        <div class="img">
          <img alt="Tīr.līdz. KVADRO kaļķ. rūsas noņ. 700ml" src="/uploads/sale/2025/sales_page/10/29//tir-lidz-kvadro-kalk-rusas-non-700ml-00566-1029180528.png?1761753928">
        </div>
        <div class="text paldies-card      ">
            <div class="title">Tīr.līdz. KVADRO kaļķ. rūsas noņ. 700ml</div>
            <div class="pack">
                <span class="ptitle"></span>
                <span class="price"> 7.13 €/l</span>
            </div>
                    </div>
        <div class="infopop">
            <div class="in"><span></span>
                <div class="arrow_top"></div>
                <div class="arrow_bottom"></div>
            </div>
        </div>
    </div>
</div><div class="col-third offer-item">
    <div class="item bl_shadow product-237417 paldies-card  offer-2-l-sp-sku units-price        " data-product-id="237417" data-timeout="77" data-dates-interval="30.07.2024. - 29.04.2026." tabindex="0" role="button">
                                                    <div class="discount price with-unit-price ">
                                                                            <div class="paldies-card-icon with-unit-price">
                        <img src="/images/front/icons/paldies2-icon.png" alt="Paldies">
                    </div>
                                                                                                
                    <div class="t1 with-unit-price paldies-card">
            <span class="value">3</span>
            <span class="cents">59</span>
            <span class="eur">€</span>
            <span class="unit-price">5.13 €/l</span>
        </div>
                    <div class="t2">
                <span class="value">5,45</span>
                <span class="eur">€</span>
            </div>
            <div class="t3 with-unit-price">
                <span class="value">5</span>
                <span class="cents">45</span>
                <span class="eur">€</span>
                <span class="unit-price">7.79 €/l</span>            </div>
            
    <span class="vline"></span>
</div>                    		
        
        
        <div class="tags tags_primary bottom_icons">
                                                            
                                <div data-alt="Atlaide ar PALDIES karti" class="tag tag-soap-2 " style="background-image: url('/uploads/sale/atlaide-ar-paldies-karti-7358.png');                     ">
                </div>
                                                                            
                                <div data-alt="Latvijas produkts" class="tag tag-soap-6 " style="background-image: url('/uploads/sale/latvijas-produkts-3559.png');                     ">
                </div>
                                                                            
                                <div data-alt="CENU LĪDERI" class="tag tag-soap-29 " style="background-image: url('/uploads/sale/cenu-lideri-6010.png');                     ">
                </div>
                            
                    </div>
        <div class="tags tags_primary info_icon">
            
    <div data-alt="Preču piedāvājums atšķirīgs Maxima veikalos, ar aktuālo akcijas preču piedāvājumu aicinām iepazīties uz vietas veikalā!" class="tag i"></div>

        </div>

        <div class="info-notice">
            


                                                                                                        </div>

        <div class="img">
          <img alt="Tīr.līdz.cepeškr.grila&amp;plīt.KVADRO 700ml" src="/uploads/sale/2025/sales_page/10/29//tir-lidz-cepeskr-grila-plit-kvadro-700ml-00567-1029180127.png?1761753687">
        </div>
        <div class="text paldies-card      ">
            <div class="title">Tīr.līdz.cepeškr.grila&amp;plīt.KVADRO 700ml</div>
            <div class="pack">
                <span class="ptitle"></span>
                <span class="price"> 7.79 €/l</span>
            </div>
                    </div>
        <div class="infopop">
            <div class="in"><span></span>
                <div class="arrow_top"></div>
                <div class="arrow_bottom"></div>
            </div>
        </div>
    </div>
</div><div class="col-third offer-item">
    <div class="item bl_shadow product-237418 paldies-card  offer-2-l-sp-sku units-price        " data-product-id="237418" data-timeout="77" data-dates-interval="01.08.2024. - 29.04.2026." tabindex="0" role="button">
                                                    <div class="discount price with-unit-price ">
                                                                            <div class="paldies-card-icon with-unit-price">
                        <img src="/images/front/icons/paldies2-icon.png" alt="Paldies">
                    </div>
                                                                                                                                
                    <div class="t1 with-unit-price paldies-card">
            <span class="value">2</span>
            <span class="cents">29</span>
            <span class="eur">€</span>
            <span class="unit-price">0.23 €/gab</span>
        </div>
                    <div class="t2">
                <span class="value">3,49</span>
                <span class="eur">€</span>
            </div>
            <div class="t3 with-unit-price">
                <span class="value">3</span>
                <span class="cents">49</span>
                <span class="eur">€</span>
                <span class="unit-price">0.35 €/gab</span>            </div>
            
    <span class="vline"></span>
</div>                    		
        
        
        <div class="tags tags_primary bottom_icons">
                                                            
                                <div data-alt="Atlaide ar PALDIES karti" class="tag tag-soap-2 " style="background-image: url('/uploads/sale/atlaide-ar-paldies-karti-7358.png');                     ">
                </div>
                                                                            
                                <div data-alt="Prece pieejama MAXIMA XX veikalos" class="tag tag-soap-3 tag-shops" style="background-image: url('/uploads/sale/piedavajums-speka-maxima-xx-veikalos-6057.png');                     ">
                </div>
                                                                            
                                <div data-alt="Prece pieejama MAXIMA XXX veikalos" class="tag tag-soap-4 tag-shops" style="background-image: url('/uploads/sale/piedavajums-speka-maxima-xxx-veikalos-3117.png');                     ">
                </div>
                                                                            
                                <div data-alt="CENU LĪDERI" class="tag tag-soap-29 " style="background-image: url('/uploads/sale/cenu-lideri-6010.png');                     ">
                </div>
                            
                    </div>
        <div class="tags tags_primary info_icon">
            
    <div data-alt="Preču piedāvājums atšķirīgs Maxima veikalos, ar aktuālo akcijas preču piedāvājumu aicinām iepazīties uz vietas veikalā!" class="tag i"></div>

        </div>

        <div class="info-notice">
            


                                                                                                                                    </div>

        <div class="img">
          <img alt="Kabatlak.ZEWA Softis Soft Sens.4k.10x9gb" src="/uploads/sale/2025/sales_page/10/29//kabatlak-zewa-softis-soft-sens-4k-10x9gb-00568-1029180127.png?1761753687">
        </div>
        <div class="text paldies-card      ">
            <div class="title">Kabatlak.ZEWA Softis Soft Sens.4k.10x9gb</div>
            <div class="pack">
                <span class="ptitle"></span>
                <span class="price"> 0.35 €/gab</span>
            </div>
                    </div>
        <div class="infopop">
            <div class="in"><span></span>
                <div class="arrow_top"></div>
                <div class="arrow_bottom"></div>
            </div>
        </div>
    </div>
</div><div class="col-third offer-item">
    <div class="item bl_shadow product-237595 paldies-card  offer-2-l-sp-sku units-price        " data-product-id="237595" data-timeout="77" data-dates-interval="30.10.2025. - 29.04.2026." tabindex="0" role="button">
                                                    <div class="discount price with-unit-price ">
                                                                            <div class="paldies-card-icon with-unit-price">
                        <img src="/images/front/icons/paldies2-icon.png" alt="Paldies">
                    </div>
                                                                                                                                
                    <div class="t1 with-unit-price paldies-card">
            <span class="value">3</span>
            <span class="cents">49</span>
            <span class="eur">€</span>
            <span class="unit-price">72.71 €/gab</span>
        </div>
                    <div class="t2">
                <span class="value">5,09</span>
                <span class="eur">€</span>
            </div>
            <div class="t3 with-unit-price">
                <span class="value">5</span>
                <span class="cents">09</span>
                <span class="eur">€</span>
                <span class="unit-price">106.04 €/gab</span>            </div>
            
    <span class="vline"></span>
</div>                    		
        
        
        <div class="tags tags_primary bottom_icons">
                                                            
                                <div data-alt="Atlaide ar PALDIES karti" class="tag tag-soap-2 " style="background-image: url('/uploads/sale/atlaide-ar-paldies-karti-7358.png');                     ">
                </div>
                                                                            
                                <div data-alt="Prece pieejama MAXIMA XX veikalos" class="tag tag-soap-3 tag-shops" style="background-image: url('/uploads/sale/piedavajums-speka-maxima-xx-veikalos-6057.png');                     ">
                </div>
                                                                            
                                <div data-alt="Prece pieejama MAXIMA XXX veikalos" class="tag tag-soap-4 tag-shops" style="background-image: url('/uploads/sale/piedavajums-speka-maxima-xxx-veikalos-3117.png');                     ">
                </div>
                                                                            
                                <div data-alt="CENU LĪDERI" class="tag tag-soap-29 " style="background-image: url('/uploads/sale/cenu-lideri-6010.png');                     ">
                </div>
                            
                    </div>
        <div class="tags tags_primary info_icon">
            
    <div data-alt="Preču piedāvājums atšķirīgs Maxima veikalos, ar aktuālo akcijas preču piedāvājumu aicinām iepazīties uz vietas veikalā!" class="tag i"></div>

        </div>

        <div class="info-notice">
            


                                                                                                                                    </div>

        <div class="img">
          <img alt="Ikd.ieliktn.LADY ANION Pantiliner 48gab." src="/uploads/sale/2025/sales_page/10/31//ikd-ieliktn-lady-anion-pantiliner-48gab-00569-1031094025.png?1761896425">
        </div>
        <div class="text paldies-card      ">
            <div class="title">Ikd.ieliktn.LADY ANION Pantiliner 48gab.</div>
            <div class="pack">
                <span class="ptitle"></span>
                <span class="price"> 106.04 €/gab</span>
            </div>
                    </div>
        <div class="infopop">
            <div class="in"><span></span>
                <div class="arrow_top"></div>
                <div class="arrow_bottom"></div>
            </div>
        </div>
    </div>
</div><div class="col-third offer-item">
    <div class="item bl_shadow product-237419 paldies-card  offer-2-l-sp-sku units-price        " data-product-id="237419" data-timeout="77" data-dates-interval="16.03.2023. - 29.04.2026." tabindex="0" role="button">
                                                    <div class="discount price with-unit-price ">
                                                                            <div class="paldies-card-icon with-unit-price">
                        <img src="/images/front/icons/paldies2-icon.png" alt="Paldies">
                    </div>
                                                                                                                                
                    <div class="t1 with-unit-price paldies-card">
            <span class="value">1</span>
            <span class="cents">59</span>
            <span class="eur">€</span>
            <span class="unit-price">0.02 €/gab</span>
        </div>
                    <div class="t2">
                <span class="value">2,89</span>
                <span class="eur">€</span>
            </div>
            <div class="t3 with-unit-price">
                <span class="value">2</span>
                <span class="cents">89</span>
                <span class="eur">€</span>
                <span class="unit-price">0.04 €/gab</span>            </div>
            
    <span class="vline"></span>
</div>                    		
        
        
        <div class="tags tags_primary bottom_icons">
                                                            
                                <div data-alt="Atlaide ar PALDIES karti" class="tag tag-soap-2 " style="background-image: url('/uploads/sale/atlaide-ar-paldies-karti-7358.png');                     ">
                </div>
                                                                            
                                <div data-alt="Prece pieejama MAXIMA XX veikalos" class="tag tag-soap-3 tag-shops" style="background-image: url('/uploads/sale/piedavajums-speka-maxima-xx-veikalos-6057.png');                     ">
                </div>
                                                                            
                                <div data-alt="Prece pieejama MAXIMA XXX veikalos" class="tag tag-soap-4 tag-shops" style="background-image: url('/uploads/sale/piedavajums-speka-maxima-xxx-veikalos-3117.png');                     ">
                </div>
                                                                            
                                <div data-alt="CENU LĪDERI" class="tag tag-soap-29 " style="background-image: url('/uploads/sale/cenu-lideri-6010.png');                     ">
                </div>
                            
                    </div>
        <div class="tags tags_primary info_icon">
            
    <div data-alt="Preču piedāvājums atšķirīgs Maxima veikalos, ar aktuālo akcijas preču piedāvājumu aicinām iepazīties uz vietas veikalā!" class="tag i"></div>

        </div>

        <div class="info-notice">
            


                                                                                                                                    </div>

        <div class="img">
          <img alt="Kosm.salv.ZEWA Softis Soft Sens.4k.80gb." src="/uploads/sale/2025/sales_page/10/29//kosm-salv-zewa-softis-soft-sens-4k-80gb-00570-1029180528.png?1761753928">
        </div>
        <div class="text paldies-card      ">
            <div class="title">Kosm.salv.ZEWA Softis Soft Sens.4k.80gb.</div>
            <div class="pack">
                <span class="ptitle"></span>
                <span class="price"> 0.04 €/gab</span>
            </div>
                    </div>
        <div class="infopop">
            <div class="in"><span></span>
                <div class="arrow_top"></div>
                <div class="arrow_bottom"></div>
            </div>
        </div>
    </div>
</div><div class="col-third offer-item">
    <div class="item bl_shadow product-237402 paldies-card  offer-2-l-sp-sku units-price        " data-product-id="237402" data-timeout="77" data-dates-interval="30.07.2024. - 29.04.2026." tabindex="0" role="button">
                                                    <div class="discount price with-unit-price ">
                                                                            <div class="paldies-card-icon with-unit-price">
                        <img src="/images/front/icons/paldies2-icon.png" alt="Paldies">
                    </div>
                                                                
                    <div class="t1 with-unit-price paldies-card">
            <span class="value">7</span>
            <span class="cents">99</span>
            <span class="eur">€</span>
            <span class="unit-price">0.25 €/gab</span>
        </div>
                    <div class="t2">
                <span class="value">10,99</span>
                <span class="eur">€</span>
            </div>
            <div class="t3 with-unit-price">
                <span class="value">10</span>
                <span class="cents">99</span>
                <span class="eur">€</span>
                <span class="unit-price">0.34 €/gab</span>            </div>
            
    <span class="vline"></span>
</div>                    		
        
        
        <div class="tags tags_primary bottom_icons">
                                                            
                                <div data-alt="Atlaide ar PALDIES karti" class="tag tag-soap-2 " style="background-image: url('/uploads/sale/atlaide-ar-paldies-karti-7358.png');                     ">
                </div>
                                                                            
                                <div data-alt="CENU LĪDERI" class="tag tag-soap-29 " style="background-image: url('/uploads/sale/cenu-lideri-6010.png');                     ">
                </div>
                            
                    </div>
        <div class="tags tags_primary info_icon">
            
    <div data-alt="Preču piedāvājums atšķirīgs Maxima veikalos, ar aktuālo akcijas preču piedāvājumu aicinām iepazīties uz vietas veikalā!" class="tag i"></div>

        </div>

        <div class="info-notice">
            


                                                                            </div>

        <div class="img">
          <img alt="Veļ.mazg.kaps. MAYERI Sensitive 32m.r." src="/uploads/sale/2025/sales_page/10/29//vel-mazg-kaps-mayeri-sensitive-32m-r-00573-1029180536.png?1761753936">
        </div>
        <div class="text paldies-card      ">
            <div class="title">Veļ.mazg.kaps. MAYERI Sensitive 32m.r.</div>
            <div class="pack">
                <span class="ptitle"></span>
                <span class="price"> 0.34 €/gab</span>
            </div>
                    </div>
        <div class="infopop">
            <div class="in"><span></span>
                <div class="arrow_top"></div>
                <div class="arrow_bottom"></div>
            </div>
        </div>
    </div>
</div><div class="col-third offer-item">
    <div class="item bl_shadow product-237403 paldies-card  offer-2-l-sp-sku units-price        " data-product-id="237403" data-timeout="77" data-dates-interval="30.07.2024. - 29.04.2026." tabindex="0" role="button">
                                                    <div class="discount price with-unit-price ">
                                                                            <div class="paldies-card-icon with-unit-price">
                        <img src="/images/front/icons/paldies2-icon.png" alt="Paldies">
                    </div>
                                                                
                    <div class="t1 with-unit-price paldies-card">
            <span class="value">2</span>
            <span class="cents">39</span>
            <span class="eur">€</span>
            <span class="unit-price">5.49 €/l</span>
        </div>
                    <div class="t2">
                <span class="value">5,99</span>
                <span class="eur">€</span>
            </div>
            <div class="t3 with-unit-price">
                <span class="value">5</span>
                <span class="cents">99</span>
                <span class="eur">€</span>
                <span class="unit-price">13.77 €/l</span>            </div>
            
    <span class="vline"></span>
</div>                    		
        
        
        <div class="tags tags_primary bottom_icons">
                                                            
                                <div data-alt="Atlaide ar PALDIES karti" class="tag tag-soap-2 " style="background-image: url('/uploads/sale/atlaide-ar-paldies-karti-7358.png');                     ">
                </div>
                                                                            
                                <div data-alt="CENU LĪDERI" class="tag tag-soap-29 " style="background-image: url('/uploads/sale/cenu-lideri-6010.png');                     ">
                </div>
                            
                    </div>
        <div class="tags tags_primary info_icon">
            
    <div data-alt="Preču piedāvājums atšķirīgs Maxima veikalos, ar aktuālo akcijas preču piedāvājumu aicinām iepazīties uz vietas veikalā!" class="tag i"></div>

        </div>

        <div class="info-notice">
            


                                                                            </div>

        <div class="img">
          <img alt="Tīr. līdz. CIF kaļķakm.noņemš. 435ml" src="/uploads/sale/2025/sales_page/10/29//tir-lidz-cif-kalkakm-nonems-435ml-00574-1029180536.png?1761753936">
        </div>
        <div class="text paldies-card      ">
            <div class="title">Tīr. līdz. CIF kaļķakm.noņemš. 435ml</div>
            <div class="pack">
                <span class="ptitle"></span>
                <span class="price"> 13.77 €/l</span>
            </div>
                    </div>
        <div class="infopop">
            <div class="in"><span></span>
                <div class="arrow_top"></div>
                <div class="arrow_bottom"></div>
            </div>
        </div>
    </div>
</div><div class="col-third offer-item">
    <div class="item bl_shadow product-237404 paldies-card  offer-2-l-sp-sku units-price        " data-product-id="237404" data-timeout="77" data-dates-interval="30.07.2024. - 29.04.2026." tabindex="0" role="button">
                                                    <div class="discount price with-unit-price ">
                                                                            <div class="paldies-card-icon with-unit-price">
                        <img src="/images/front/icons/paldies2-icon.png" alt="Paldies">
                    </div>
                                                                
                    <div class="t1 with-unit-price paldies-card">
            <span class="value">2</span>
            <span class="cents">39</span>
            <span class="eur">€</span>
            <span class="unit-price">5.49 €/l</span>
        </div>
                    <div class="t2">
                <span class="value">5,99</span>
                <span class="eur">€</span>
            </div>
            <div class="t3 with-unit-price">
                <span class="value">5</span>
                <span class="cents">99</span>
                <span class="eur">€</span>
                <span class="unit-price">13.77 €/l</span>            </div>
            
    <span class="vline"></span>
</div>                    		
        
        
        <div class="tags tags_primary bottom_icons">
                                                            
                                <div data-alt="Atlaide ar PALDIES karti" class="tag tag-soap-2 " style="background-image: url('/uploads/sale/atlaide-ar-paldies-karti-7358.png');                     ">
                </div>
                                                                            
                                <div data-alt="CENU LĪDERI" class="tag tag-soap-29 " style="background-image: url('/uploads/sale/cenu-lideri-6010.png');                     ">
                </div>
                            
                    </div>
        <div class="tags tags_primary info_icon">
            
    <div data-alt="Preču piedāvājums atšķirīgs Maxima veikalos, ar aktuālo akcijas preču piedāvājumu aicinām iepazīties uz vietas veikalā!" class="tag i"></div>

        </div>

        <div class="info-notice">
            


                                                                            </div>

        <div class="img">
          <img alt="Tīr. līdz. pelējuma noņemš. CIF 435ml" src="/uploads/sale/2025/sales_page/10/29//tir-lidz-pelejuma-nonems-cif-435ml-00575-1029180536.png?1761753936">
        </div>
        <div class="text paldies-card      ">
            <div class="title">Tīr. līdz. pelējuma noņemš. CIF 435ml</div>
            <div class="pack">
                <span class="ptitle"></span>
                <span class="price"> 13.77 €/l</span>
            </div>
                    </div>
        <div class="infopop">
            <div class="in"><span></span>
                <div class="arrow_top"></div>
                <div class="arrow_bottom"></div>
            </div>
        </div>
    </div>
</div><div class="col-third offer-item">
    <div class="item bl_shadow product-237438 paldies-card  offer-2-l-sp-sku units-price        " data-product-id="237438" data-timeout="77" data-dates-interval="26.11.2024. - 29.04.2026." tabindex="0" role="button">
                                                    <div class="discount price with-unit-price ">
                                                                            <div class="paldies-card-icon with-unit-price">
                        <img src="/images/front/icons/paldies2-icon.png" alt="Paldies">
                    </div>
                                                                                                
                    <div class="t1 with-unit-price paldies-card">
            <span class="value">2</span>
            <span class="cents">79</span>
            <span class="eur">€</span>
            <span class="unit-price">55.80 €/l</span>
        </div>
                    <div class="t2">
                <span class="value">2,99</span>
                <span class="eur">€</span>
            </div>
            <div class="t3 with-unit-price">
                <span class="value">2</span>
                <span class="cents">99</span>
                <span class="eur">€</span>
                <span class="unit-price">59.80 €/l</span>            </div>
            
    <span class="vline"></span>
</div>                    		
        
        
        <div class="tags tags_primary bottom_icons">
                                                            
                                <div data-alt="Atlaide ar PALDIES karti" class="tag tag-soap-2 " style="background-image: url('/uploads/sale/atlaide-ar-paldies-karti-7358.png');                     ">
                </div>
                                                                            
                                <div data-alt="Prece pieejama MAXIMA XXX veikalos" class="tag tag-soap-4 tag-shops" style="background-image: url('/uploads/sale/piedavajums-speka-maxima-xxx-veikalos-3117.png');                     ">
                </div>
                                                                            
                                <div data-alt="CENU LĪDERI" class="tag tag-soap-29 " style="background-image: url('/uploads/sale/cenu-lideri-6010.png');                     ">
                </div>
                            
                    </div>
        <div class="tags tags_primary info_icon">
            
    <div data-alt="Preču piedāvājums atšķirīgs Maxima veikalos, ar aktuālo akcijas preču piedāvājumu aicinām iepazīties uz vietas veikalā!" class="tag i"></div>

        </div>

        <div class="info-notice">
            


                                                                                                        </div>

        <div class="img">
          <img alt="Dez.rul.NIVEA Black&amp;White Fresh sie.50ml" src="/uploads/sale/2025/sales_page/10/29//dez-rul-nivea-black-white-fresh-sie-50ml-00554-1029180528.png?1761753928">
        </div>
        <div class="text paldies-card      ">
            <div class="title">Dez.rul.NIVEA Black&amp;White Fresh sie.50ml</div>
            <div class="pack">
                <span class="ptitle"></span>
                <span class="price"> 59.80 €/l</span>
            </div>
                    </div>
        <div class="infopop">
            <div class="in"><span></span>
                <div class="arrow_top"></div>
                <div class="arrow_bottom"></div>
            </div>
        </div>
    </div>
</div><div class="col-third offer-item">
    <div class="item bl_shadow product-237439 paldies-card  offer-2-l-sp-sku units-price        " data-product-id="237439" data-timeout="77" data-dates-interval="16.03.2023. - 29.04.2026." tabindex="0" role="button">
                                                    <div class="discount price with-unit-price ">
                                                                            <div class="paldies-card-icon with-unit-price">
                        <img src="/images/front/icons/paldies2-icon.png" alt="Paldies">
                    </div>
                                                                
                    <div class="t1 with-unit-price paldies-card">
            <span class="value">2</span>
            <span class="cents">99</span>
            <span class="eur">€</span>
            <span class="unit-price">0.37 €/gab</span>
        </div>
                    <div class="t2">
                <span class="value">4,70</span>
                <span class="eur">€</span>
            </div>
            <div class="t3 with-unit-price">
                <span class="value">4</span>
                <span class="cents">70</span>
                <span class="eur">€</span>
                <span class="unit-price">0.59 €/gab</span>            </div>
            
    <span class="vline"></span>
</div>                    		
        
        
        <div class="tags tags_primary bottom_icons">
                                                            
                                <div data-alt="Atlaide ar PALDIES karti" class="tag tag-soap-2 " style="background-image: url('/uploads/sale/atlaide-ar-paldies-karti-7358.png');                     ">
                </div>
                                                                            
                                <div data-alt="CENU LĪDERI" class="tag tag-soap-29 " style="background-image: url('/uploads/sale/cenu-lideri-6010.png');                     ">
                </div>
                            
                    </div>
        <div class="tags tags_primary info_icon">
            
    <div data-alt="Preču piedāvājums atšķirīgs Maxima veikalos, ar aktuālo akcijas preču piedāvājumu aicinām iepazīties uz vietas veikalā!" class="tag i"></div>

        </div>

        <div class="info-notice">
            


                                                                            </div>

        <div class="img">
          <img alt="Tualetes papīrs GRITE Blossom 3k. 8r." src="/uploads/sale/2025/sales_page/10/29//tualetes-papirs-grite-blossom-3k-8r-00555-1029180528.png?1761753928">
        </div>
        <div class="text paldies-card      ">
            <div class="title">Tualetes papīrs GRITE Blossom 3k. 8r.</div>
            <div class="pack">
                <span class="ptitle"></span>
                <span class="price"> 0.59 €/gab</span>
            </div>
                    </div>
        <div class="infopop">
            <div class="in"><span></span>
                <div class="arrow_top"></div>
                <div class="arrow_bottom"></div>
            </div>
        </div>
    </div>
</div><div class="col-third offer-item">
    <div class="item bl_shadow product-237572 paldies-card  offer-2-l-sp-sku units-price        " data-product-id="237572" data-timeout="77" data-dates-interval="27.03.2025. - 29.04.2026." tabindex="0" role="button">
                                                    <div class="discount price with-unit-price ">
                                                                            <div class="paldies-card-icon with-unit-price">
                        <img src="/images/front/icons/paldies2-icon.png" alt="Paldies">
                    </div>
                                                                                                                                
                    <div class="t1 with-unit-price paldies-card">
            <span class="value">2</span>
            <span class="cents">79</span>
            <span class="eur">€</span>
            <span class="unit-price">18.60 €/l</span>
        </div>
                    <div class="t2">
                <span class="value">3,79</span>
                <span class="eur">€</span>
            </div>
            <div class="t3 with-unit-price">
                <span class="value">3</span>
                <span class="cents">79</span>
                <span class="eur">€</span>
                <span class="unit-price">25.27 €/l</span>            </div>
            
    <span class="vline"></span>
</div>                    		
        
        
        <div class="tags tags_primary bottom_icons">
                                                            
                                <div data-alt="Atlaide ar PALDIES karti" class="tag tag-soap-2 " style="background-image: url('/uploads/sale/atlaide-ar-paldies-karti-7358.png');                     ">
                </div>
                                                                            
                                <div data-alt="Prece pieejama MAXIMA XX veikalos" class="tag tag-soap-3 tag-shops" style="background-image: url('/uploads/sale/piedavajums-speka-maxima-xx-veikalos-6057.png');                     ">
                </div>
                                                                            
                                <div data-alt="Prece pieejama MAXIMA XXX veikalos" class="tag tag-soap-4 tag-shops" style="background-image: url('/uploads/sale/piedavajums-speka-maxima-xxx-veikalos-3117.png');                     ">
                </div>
                                                                            
                                <div data-alt="CENU LĪDERI" class="tag tag-soap-29 " style="background-image: url('/uploads/sale/cenu-lideri-6010.png');                     ">
                </div>
                            
                    </div>
        <div class="tags tags_primary info_icon">
            
    <div data-alt="Preču piedāvājums atšķirīgs Maxima veikalos, ar aktuālo akcijas preču piedāvājumu aicinām iepazīties uz vietas veikalā!" class="tag i"></div>

        </div>

        <div class="info-notice">
            


                                                                                                                                    </div>

        <div class="img">
          <img alt="Izsm.dez.NIVEA B&amp;W Fresh vīrieš.150ml" src="/uploads/sale/2025/sales_page/10/31//izsm-dez-nivea-b-w-fresh-viries-150ml-00556-0210093518.png?1770708918">
        </div>
        <div class="text paldies-card      ">
            <div class="title">Izsm.dez.NIVEA B&amp;W Fresh vīrieš.150ml</div>
            <div class="pack">
                <span class="ptitle"></span>
                <span class="price"> 25.27 €/l</span>
            </div>
                    </div>
        <div class="infopop">
            <div class="in"><span></span>
                <div class="arrow_top"></div>
                <div class="arrow_bottom"></div>
            </div>
        </div>
    </div>
</div><div class="col-third offer-item">
    <div class="item bl_shadow product-237441 paldies-card  offer-2-l-sp-sku units-price        " data-product-id="237441" data-timeout="77" data-dates-interval="30.07.2024. - 29.04.2026." tabindex="0" role="button">
                                                    <div class="discount price with-unit-price ">
                                                                            <div class="paldies-card-icon with-unit-price">
                        <img src="/images/front/icons/paldies2-icon.png" alt="Paldies">
                    </div>
                                                                
                    <div class="t1 with-unit-price paldies-card">
            <span class="value">1</span>
            <span class="cents">59</span>
            <span class="eur">€</span>
            <span class="unit-price">2.94 €/kg</span>
        </div>
                    <div class="t2">
                <span class="value">1,99</span>
                <span class="eur">€</span>
            </div>
            <div class="t3 with-unit-price">
                <span class="value">1</span>
                <span class="cents">99</span>
                <span class="eur">€</span>
                <span class="unit-price">3.69 €/kg</span>            </div>
            
    <span class="vline"></span>
</div>                    		
        
        
        <div class="tags tags_primary bottom_icons">
                                                            
                                <div data-alt="Atlaide ar PALDIES karti" class="tag tag-soap-2 " style="background-image: url('/uploads/sale/atlaide-ar-paldies-karti-7358.png');                     ">
                </div>
                                                                            
                                <div data-alt="CENU LĪDERI" class="tag tag-soap-29 " style="background-image: url('/uploads/sale/cenu-lideri-6010.png');                     ">
                </div>
                            
                    </div>
        <div class="tags tags_primary info_icon">
            
    <div data-alt="Preču piedāvājums atšķirīgs Maxima veikalos, ar aktuālo akcijas preču piedāvājumu aicinām iepazīties uz vietas veikalā!" class="tag i"></div>

        </div>

        <div class="info-notice">
            


                                                                            </div>

        <div class="img">
          <img alt="Attīr.krēms CIF Lemon ar mikrod. 540g" src="/uploads/sale/2025/sales_page/10/29//attir-krems-cif-lemon-ar-mikrod-540g-00558-0210095523.png?1770710123">
        </div>
        <div class="text paldies-card      ">
            <div class="title">Attīr.krēms CIF Lemon ar mikrod. 540g</div>
            <div class="pack">
                <span class="ptitle"></span>
                <span class="price"> 3.69 €/kg</span>
            </div>
                    </div>
        <div class="infopop">
            <div class="in"><span></span>
                <div class="arrow_top"></div>
                <div class="arrow_bottom"></div>
            </div>
        </div>
    </div>
</div><div class="col-third offer-item">
    <div class="item bl_shadow product-237412 paldies-card  offer-2-l-sp-sku units-price        " data-product-id="237412" data-timeout="77" data-dates-interval="16.03.2023. - 29.04.2026." tabindex="0" role="button">
                                                    <div class="discount price with-unit-price ">
                                                                            <div class="paldies-card-icon with-unit-price">
                        <img src="/images/front/icons/paldies2-icon.png" alt="Paldies">
                    </div>
                                                                                                
                    <div class="t1 with-unit-price paldies-card">
            <span class="value">5</span>
            <span class="cents">99</span>
            <span class="eur">€</span>
            <span class="unit-price">0.75 €/gab</span>
        </div>
                    <div class="t2">
                <span class="value">10,79</span>
                <span class="eur">€</span>
            </div>
            <div class="t3 with-unit-price">
                <span class="value">10</span>
                <span class="cents">79</span>
                <span class="eur">€</span>
                <span class="unit-price">1.35 €/gab</span>            </div>
            
    <span class="vline"></span>
</div>                    		
        
        
        <div class="tags tags_primary bottom_icons">
                                                            
                                <div data-alt="Atlaide ar PALDIES karti" class="tag tag-soap-2 " style="background-image: url('/uploads/sale/atlaide-ar-paldies-karti-7358.png');                     ">
                </div>
                                                                            
                                <div data-alt="Prece pieejama MAXIMA XXX veikalos" class="tag tag-soap-4 tag-shops" style="background-image: url('/uploads/sale/piedavajums-speka-maxima-xxx-veikalos-3117.png');                     ">
                </div>
                                                                            
                                <div data-alt="CENU LĪDERI" class="tag tag-soap-29 " style="background-image: url('/uploads/sale/cenu-lideri-6010.png');                     ">
                </div>
                            
                    </div>
        <div class="tags tags_primary info_icon">
            
    <div data-alt="Preču piedāvājums atšķirīgs Maxima veikalos, ar aktuālo akcijas preču piedāvājumu aicinām iepazīties uz vietas veikalā!" class="tag i"></div>

        </div>

        <div class="info-notice">
            


                                                                                                        </div>

        <div class="img">
          <img alt="Tual.papīrs ZEWA Exclusive Ultra..4k.8r." src="/uploads/sale/2025/sales_page/10/29//tual-papirs-zewa-exclusive-ultra-4k-8r-00559-1029180528.png?1761753928">
        </div>
        <div class="text paldies-card      ">
            <div class="title">Tual.papīrs ZEWA Exclusive Ultra..4k.8r.</div>
            <div class="pack">
                <span class="ptitle"></span>
                <span class="price"> 1.35 €/gab</span>
            </div>
                    </div>
        <div class="infopop">
            <div class="in"><span></span>
                <div class="arrow_top"></div>
                <div class="arrow_bottom"></div>
            </div>
        </div>
    </div>
</div><div class="col-third offer-item">
    <div class="item bl_shadow product-237413 paldies-card  offer-2-l-sp-sku units-price        " data-product-id="237413" data-timeout="77" data-dates-interval="30.07.2024. - 29.04.2026." tabindex="0" role="button">
                                                    <div class="discount price with-unit-price ">
                                                                            <div class="paldies-card-icon with-unit-price">
                        <img src="/images/front/icons/paldies2-icon.png" alt="Paldies">
                    </div>
                                                                                                                                
                    <div class="t1 with-unit-price paldies-card">
            <span class="value">4</span>
            <span class="cents">59</span>
            <span class="eur">€</span>
            <span class="unit-price">22.95 €/l</span>
        </div>
                    <div class="t2">
                <span class="value">6,69</span>
                <span class="eur">€</span>
            </div>
            <div class="t3 with-unit-price">
                <span class="value">6</span>
                <span class="cents">69</span>
                <span class="eur">€</span>
                <span class="unit-price">33.45 €/l</span>            </div>
            
    <span class="vline"></span>
</div>                    		
        
        
        <div class="tags tags_primary bottom_icons">
                                                            
                                <div data-alt="Atlaide ar PALDIES karti" class="tag tag-soap-2 " style="background-image: url('/uploads/sale/atlaide-ar-paldies-karti-7358.png');                     ">
                </div>
                                                                            
                                <div data-alt="Prece pieejama MAXIMA XX veikalos" class="tag tag-soap-3 tag-shops" style="background-image: url('/uploads/sale/piedavajums-speka-maxima-xx-veikalos-6057.png');                     ">
                </div>
                                                                            
                                <div data-alt="Prece pieejama MAXIMA XXX veikalos" class="tag tag-soap-4 tag-shops" style="background-image: url('/uploads/sale/piedavajums-speka-maxima-xxx-veikalos-3117.png');                     ">
                </div>
                                                                            
                                <div data-alt="CENU LĪDERI" class="tag tag-soap-29 " style="background-image: url('/uploads/sale/cenu-lideri-6010.png');                     ">
                </div>
                            
                    </div>
        <div class="tags tags_primary info_icon">
            
    <div data-alt="Preču piedāvājums atšķirīgs Maxima veikalos, ar aktuālo akcijas preču piedāvājumu aicinām iepazīties uz vietas veikalā!" class="tag i"></div>

        </div>

        <div class="info-notice">
            


                                                                                                                                    </div>

        <div class="img">
          <img alt="Traipu tīrīšanas līdz. VANISH Gold 200ml" src="/uploads/sale/2025/sales_page/10/29//traipu-tirisanas-lidz-vanish-gold-200ml-00560-1029180528.png?1761753928">
        </div>
        <div class="text paldies-card      ">
            <div class="title">Traipu tīrīšanas līdz. VANISH Gold 200ml</div>
            <div class="pack">
                <span class="ptitle"></span>
                <span class="price"> 33.45 €/l</span>
            </div>
                    </div>
        <div class="infopop">
            <div class="in"><span></span>
                <div class="arrow_top"></div>
                <div class="arrow_bottom"></div>
            </div>
        </div>
    </div>
</div><div class="col-third offer-item">
    <div class="item bl_shadow product-237554 paldies-card  offer-2-l-sp-sku units-price        " data-product-id="237554" data-timeout="77" data-dates-interval="30.10.2025. - 29.04.2026." tabindex="0" role="button">
                                                    <div class="discount price with-unit-price ">
                                                                            <div class="paldies-card-icon with-unit-price">
                        <img src="/images/front/icons/paldies2-icon.png" alt="Paldies">
                    </div>
                                                                
                    <div class="t1 with-unit-price paldies-card">
            <span class="value">3</span>
            <span class="cents">79</span>
            <span class="eur">€</span>
            <span class="unit-price">75.80 €/l</span>
        </div>
                    <div class="t2">
                <span class="value">6,29</span>
                <span class="eur">€</span>
            </div>
            <div class="t3 with-unit-price">
                <span class="value">6</span>
                <span class="cents">29</span>
                <span class="eur">€</span>
                <span class="unit-price">125.80 €/l</span>            </div>
            
    <span class="vline"></span>
</div>                    		
        
        
        <div class="tags tags_primary bottom_icons">
                                                            
                                <div data-alt="Atlaide ar PALDIES karti" class="tag tag-soap-2 " style="background-image: url('/uploads/sale/atlaide-ar-paldies-karti-7358.png');                     ">
                </div>
                                                                            
                                <div data-alt="CENU LĪDERI" class="tag tag-soap-29 " style="background-image: url('/uploads/sale/cenu-lideri-6010.png');                     ">
                </div>
                            
                    </div>
        <div class="tags tags_primary info_icon">
            
    <div data-alt="Preču piedāvājums atšķirīgs Maxima veikalos, ar aktuālo akcijas preču piedāvājumu aicinām iepazīties uz vietas veikalā!" class="tag i"></div>

        </div>

        <div class="info-notice">
            


                                                                            </div>

        <div class="img">
          <img alt="Sejas krēms GARNIER ar rožūdeni 50ml" src="/uploads/sale/2025/sales_page/10/30//sejas-krems-garnier-ar-rozudeni-50ml-00565-1030133024.png?1761823824">
        </div>
        <div class="text paldies-card      ">
            <div class="title">Sejas krēms GARNIER ar rožūdeni 50ml</div>
            <div class="pack">
                <span class="ptitle"></span>
                <span class="price"> 125.80 €/l</span>
            </div>
                    </div>
        <div class="infopop">
            <div class="in"><span></span>
                <div class="arrow_top"></div>
                <div class="arrow_bottom"></div>
            </div>
        </div>
    </div>
</div><div class="col-third offer-item">
    <div class="item bl_shadow product-237416 paldies-card  offer-2-l-sp-sku units-price        " data-product-id="237416" data-timeout="77" data-dates-interval="30.07.2024. - 29.04.2026." tabindex="0" role="button">
                                                    <div class="discount price with-unit-price ">
                                                                            <div class="paldies-card-icon with-unit-price">
                        <img src="/images/front/icons/paldies2-icon.png" alt="Paldies">
                    </div>
                                                                                                                                                                
                    <div class="t1 with-unit-price paldies-card">
            <span class="value">3</span>
            <span class="cents">19</span>
            <span class="eur">€</span>
            <span class="unit-price">4.56 €/l</span>
        </div>
                    <div class="t2">
                <span class="value">4,99</span>
                <span class="eur">€</span>
            </div>
            <div class="t3 with-unit-price">
                <span class="value">4</span>
                <span class="cents">99</span>
                <span class="eur">€</span>
                <span class="unit-price">7.13 €/l</span>            </div>
            
    <span class="vline"></span>
</div>                    		
        
        
        <div class="tags tags_primary bottom_icons">
                                                            
                                <div data-alt="Atlaide ar PALDIES karti" class="tag tag-soap-2 " style="background-image: url('/uploads/sale/atlaide-ar-paldies-karti-7358.png');                     ">
                </div>
                                                                            
                                <div data-alt="Prece pieejama MAXIMA XX veikalos" class="tag tag-soap-3 tag-shops" style="background-image: url('/uploads/sale/piedavajums-speka-maxima-xx-veikalos-6057.png');                     ">
                </div>
                                                                            
                                <div data-alt="Prece pieejama MAXIMA XXX veikalos" class="tag tag-soap-4 tag-shops" style="background-image: url('/uploads/sale/piedavajums-speka-maxima-xxx-veikalos-3117.png');                     ">
                </div>
                                                                            
                                <div data-alt="Latvijas produkts" class="tag tag-soap-6 " style="background-image: url('/uploads/sale/latvijas-produkts-3559.png');                     ">
                </div>
                                                                            
                                <div data-alt="CENU LĪDERI" class="tag tag-soap-29 " style="background-image: url('/uploads/sale/cenu-lideri-6010.png');                     ">
                </div>
                            
                    </div>
        <div class="tags tags_primary info_icon">
            
    <div data-alt="Preču piedāvājums atšķirīgs Maxima veikalos, ar aktuālo akcijas preču piedāvājumu aicinām iepazīties uz vietas veikalā!" class="tag i"></div>

        </div>

        <div class="info-notice">
            


                                                                                                                                                                </div>

        <div class="img">
          <img alt="Tīr.līdz. KVADRO kaļķ. rūsas noņ. 700ml" src="/uploads/sale/2025/sales_page/10/29//tir-lidz-kvadro-kalk-rusas-non-700ml-00566-1029180528.png?1761753928">
        </div>
        <div class="text paldies-card      ">
            <div class="title">Tīr.līdz. KVADRO kaļķ. rūsas noņ. 700ml</div>
            <div class="pack">
                <span class="ptitle"></span>
                <span class="price"> 7.13 €/l</span>
            </div>
                    </div>
        <div class="infopop">
            <div class="in"><span></span>
                <div class="arrow_top"></div>
                <div class="arrow_bottom"></div>
            </div>
        </div>
    </div>
</div><div class="col-third offer-item">
    <div class="item bl_shadow product-237417 paldies-card  offer-2-l-sp-sku units-price        " data-product-id="237417" data-timeout="77" data-dates-interval="30.07.2024. - 29.04.2026." tabindex="0" role="button">
                                                    <div class="discount price with-unit-price ">
                                                                            <div class="paldies-card-icon with-unit-price">
                        <img src="/images/front/icons/paldies2-icon.png" alt="Paldies">
                    </div>
                                                                                                
                    <div class="t1 with-unit-price paldies-card">
            <span class="value">3</span>
            <span class="cents">59</span>
            <span class="eur">€</span>
            <span class="unit-price">5.13 €/l</span>
        </div>
                    <div class="t2">
                <span class="value">5,45</span>
                <span class="eur">€</span>
            </div>
            <div class="t3 with-unit-price">
                <span class="value">5</span>
                <span class="cents">45</span>
                <span class="eur">€</span>
                <span class="unit-price">7.79 €/l</span>            </div>
            
    <span class="vline"></span>
</div>                    		
        
        
        <div class="tags tags_primary bottom_icons">
                                                            
                                <div data-alt="Atlaide ar PALDIES karti" class="tag tag-soap-2 " style="background-image: url('/uploads/sale/atlaide-ar-paldies-karti-7358.png');                     ">
                </div>
                                                                            
                                <div data-alt="Latvijas produkts" class="tag tag-soap-6 " style="background-image: url('/uploads/sale/latvijas-produkts-3559.png');                     ">
                </div>
                                                                            
                                <div data-alt="CENU LĪDERI" class="tag tag-soap-29 " style="background-image: url('/uploads/sale/cenu-lideri-6010.png');                     ">
                </div>
                            
                    </div>
        <div class="tags tags_primary info_icon">
            
    <div data-alt="Preču piedāvājums atšķirīgs Maxima veikalos, ar aktuālo akcijas preču piedāvājumu aicinām iepazīties uz vietas veikalā!" class="tag i"></div>

        </div>

        <div class="info-notice">
            


                                                                                                        </div>

        <div class="img">
          <img alt="Tīr.līdz.cepeškr.grila&amp;plīt.KVADRO 700ml" src="/uploads/sale/2025/sales_page/10/29//tir-lidz-cepeskr-grila-plit-kvadro-700ml-00567-1029180127.png?1761753687">
        </div>
        <div class="text paldies-card      ">
            <div class="title">Tīr.līdz.cepeškr.grila&amp;plīt.KVADRO 700ml</div>
            <div class="pack">
                <span class="ptitle"></span>
                <span class="price"> 7.79 €/l</span>
            </div>
                    </div>
        <div class="infopop">
            <div class="in"><span></span>
                <div class="arrow_top"></div>
                <div class="arrow_bottom"></div>
            </div>
        </div>
    </div>
</div><div class="col-third offer-item">
    <div class="item bl_shadow product-237418 paldies-card  offer-2-l-sp-sku units-price        " data-product-id="237418" data-timeout="77" data-dates-interval="01.08.2024. - 29.04.2026." tabindex="0" role="button">
                                                    <div class="discount price with-unit-price ">
                                                                            <div class="paldies-card-icon with-unit-price">
                        <img src="/images/front/icons/paldies2-icon.png" alt="Paldies">
                    </div>
                                                                                                                                
                    <div class="t1 with-unit-price paldies-card">
            <span class="value">2</span>
            <span class="cents">29</span>
            <span class="eur">€</span>
            <span class="unit-price">0.23 €/gab</span>
        </div>
                    <div class="t2">
                <span class="value">3,49</span>
                <span class="eur">€</span>
            </div>
            <div class="t3 with-unit-price">
                <span class="value">3</span>
                <span class="cents">49</span>
                <span class="eur">€</span>
                <span class="unit-price">0.35 €/gab</span>            </div>
            
    <span class="vline"></span>
</div>                    		
        
        
        <div class="tags tags_primary bottom_icons">
                                                            
                                <div data-alt="Atlaide ar PALDIES karti" class="tag tag-soap-2 " style="background-image: url('/uploads/sale/atlaide-ar-paldies-karti-7358.png');                     ">
                </div>
                                                                            
                                <div data-alt="Prece pieejama MAXIMA XX veikalos" class="tag tag-soap-3 tag-shops" style="background-image: url('/uploads/sale/piedavajums-speka-maxima-xx-veikalos-6057.png');                     ">
                </div>
                                                                            
                                <div data-alt="Prece pieejama MAXIMA XXX veikalos" class="tag tag-soap-4 tag-shops" style="background-image: url('/uploads/sale/piedavajums-speka-maxima-xxx-veikalos-3117.png');                     ">
                </div>
                                                                            
                                <div data-alt="CENU LĪDERI" class="tag tag-soap-29 " style="background-image: url('/uploads/sale/cenu-lideri-6010.png');                     ">
                </div>
                            
                    </div>
        <div class="tags tags_primary info_icon">
            
    <div data-alt="Preču piedāvājums atšķirīgs Maxima veikalos, ar aktuālo akcijas preču piedāvājumu aicinām iepazīties uz vietas veikalā!" class="tag i"></div>

        </div>

        <div class="info-notice">
            


                                                                                                                                    </div>

        <div class="img">
          <img alt="Kabatlak.ZEWA Softis Soft Sens.4k.10x9gb" src="/uploads/sale/2025/sales_page/10/29//kabatlak-zewa-softis-soft-sens-4k-10x9gb-00568-1029180127.png?1761753687">
        </div>
        <div class="text paldies-card      ">
            <div class="title">Kabatlak.ZEWA Softis Soft Sens.4k.10x9gb</div>
            <div class="pack">
                <span class="ptitle"></span>
                <span class="price"> 0.35 €/gab</span>
            </div>
                    </div>
        <div class="infopop">
            <div class="in"><span></span>
                <div class="arrow_top"></div>
                <div class="arrow_bottom"></div>
            </div>
        </div>
    </div>
</div><div class="col-third offer-item">
    <div class="item bl_shadow product-237595 paldies-card  offer-2-l-sp-sku units-price        " data-product-id="237595" data-timeout="77" data-dates-interval="30.10.2025. - 29.04.2026." tabindex="0" role="button">
                                                    <div class="discount price with-unit-price ">
                                                                            <div class="paldies-card-icon with-unit-price">
                        <img src="/images/front/icons/paldies2-icon.png" alt="Paldies">
                    </div>
                                                                                                                                
                    <div class="t1 with-unit-price paldies-card">
            <span class="value">3</span>
            <span class="cents">49</span>
            <span class="eur">€</span>
            <span class="unit-price">72.71 €/gab</span>
        </div>
                    <div class="t2">
                <span class="value">5,09</span>
                <span class="eur">€</span>
            </div>
            <div class="t3 with-unit-price">
                <span class="value">5</span>
                <span class="cents">09</span>
                <span class="eur">€</span>
                <span class="unit-price">106.04 €/gab</span>            </div>
            
    <span class="vline"></span>
</div>                    		
        
        
        <div class="tags tags_primary bottom_icons">
                                                            
                                <div data-alt="Atlaide ar PALDIES karti" class="tag tag-soap-2 " style="background-image: url('/uploads/sale/atlaide-ar-paldies-karti-7358.png');                     ">
                </div>
                                                                            
                                <div data-alt="Prece pieejama MAXIMA XX veikalos" class="tag tag-soap-3 tag-shops" style="background-image: url('/uploads/sale/piedavajums-speka-maxima-xx-veikalos-6057.png');                     ">
                </div>
                                                                            
                                <div data-alt="Prece pieejama MAXIMA XXX veikalos" class="tag tag-soap-4 tag-shops" style="background-image: url('/uploads/sale/piedavajums-speka-maxima-xxx-veikalos-3117.png');                     ">
                </div>
                                                                            
                                <div data-alt="CENU LĪDERI" class="tag tag-soap-29 " style="background-image: url('/uploads/sale/cenu-lideri-6010.png');                     ">
                </div>
                            
                    </div>
        <div class="tags tags_primary info_icon">
            
    <div data-alt="Preču piedāvājums atšķirīgs Maxima veikalos, ar aktuālo akcijas preču piedāvājumu aicinām iepazīties uz vietas veikalā!" class="tag i"></div>

        </div>

        <div class="info-notice">
            


                                                                                                                                    </div>

        <div class="img">
          <img alt="Ikd.ieliktn.LADY ANION Pantiliner 48gab." src="/uploads/sale/2025/sales_page/10/31//ikd-ieliktn-lady-anion-pantiliner-48gab-00569-1031094025.png?1761896425">
        </div>
        <div class="text paldies-card      ">
            <div class="title">Ikd.ieliktn.LADY ANION Pantiliner 48gab.</div>
            <div class="pack">
                <span class="ptitle"></span>
                <span class="price"> 106.04 €/gab</span>
            </div>
                    </div>
        <div class="infopop">
            <div class="in"><span></span>
                <div class="arrow_top"></div>
                <div class="arrow_bottom"></div>
            </div>
        </div>
    </div>
</div><div class="col-third offer-item">
    <div class="item bl_shadow product-237419 paldies-card  offer-2-l-sp-sku units-price        " data-product-id="237419" data-timeout="77" data-dates-interval="16.03.2023. - 29.04.2026." tabindex="0" role="button">
                                                    <div class="discount price with-unit-price ">
                                                                            <div class="paldies-card-icon with-unit-price">
                        <img src="/images/front/icons/paldies2-icon.png" alt="Paldies">
                    </div>
                                                                                                                                
                    <div class="t1 with-unit-price paldies-card">
            <span class="value">1</span>
            <span class="cents">59</span>
            <span class="eur">€</span>
            <span class="unit-price">0.02 €/gab</span>
        </div>
                    <div class="t2">
                <span class="value">2,89</span>
                <span class="eur">€</span>
            </div>
            <div class="t3 with-unit-price">
                <span class="value">2</span>
                <span class="cents">89</span>
                <span class="eur">€</span>
                <span class="unit-price">0.04 €/gab</span>            </div>
            
    <span class="vline"></span>
</div>                    		
        
        
        <div class="tags tags_primary bottom_icons">
                                                            
                                <div data-alt="Atlaide ar PALDIES karti" class="tag tag-soap-2 " style="background-image: url('/uploads/sale/atlaide-ar-paldies-karti-7358.png');                     ">
                </div>
                                                                            
                                <div data-alt="Prece pieejama MAXIMA XX veikalos" class="tag tag-soap-3 tag-shops" style="background-image: url('/uploads/sale/piedavajums-speka-maxima-xx-veikalos-6057.png');                     ">
                </div>
                                                                            
                                <div data-alt="Prece pieejama MAXIMA XXX veikalos" class="tag tag-soap-4 tag-shops" style="background-image: url('/uploads/sale/piedavajums-speka-maxima-xxx-veikalos-3117.png');                     ">
                </div>
                                                                            
                                <div data-alt="CENU LĪDERI" class="tag tag-soap-29 " style="background-image: url('/uploads/sale/cenu-lideri-6010.png');                     ">
                </div>
                            
                    </div>
        <div class="tags tags_primary info_icon">
            
    <div data-alt="Preču piedāvājums atšķirīgs Maxima veikalos, ar aktuālo akcijas preču piedāvājumu aicinām iepazīties uz vietas veikalā!" class="tag i"></div>

        </div>

        <div class="info-notice">
            


                                                                                                                                    </div>

        <div class="img">
          <img alt="Kosm.salv.ZEWA Softis Soft Sens.4k.80gb." src="/uploads/sale/2025/sales_page/10/29//kosm-salv-zewa-softis-soft-sens-4k-80gb-00570-1029180528.png?1761753928">
        </div>
        <div class="text paldies-card      ">
            <div class="title">Kosm.salv.ZEWA Softis Soft Sens.4k.80gb.</div>
            <div class="pack">
                <span class="ptitle"></span>
                <span class="price"> 0.04 €/gab</span>
            </div>
                    </div>
        <div class="infopop">
            <div class="in"><span></span>
                <div class="arrow_top"></div>
                <div class="arrow_bottom"></div>
            </div>
        </div>
    </div>
</div><div class="col-third offer-item">
    <div class="item bl_shadow product-237402 paldies-card  offer-2-l-sp-sku units-price        " data-product-id="237402" data-timeout="77" data-dates-interval="30.07.2024. - 29.04.2026." tabindex="0" role="button">
                                                    <div class="discount price with-unit-price ">
                                                                            <div class="paldies-card-icon with-unit-price">
                        <img src="/images/front/icons/paldies2-icon.png" alt="Paldies">
                    </div>
                                                                
                    <div class="t1 with-unit-price paldies-card">
            <span class="value">7</span>
            <span class="cents">99</span>
            <span class="eur">€</span>
            <span class="unit-price">0.25 €/gab</span>
        </div>
                    <div class="t2">
                <span class="value">10,99</span>
                <span class="eur">€</span>
            </div>
            <div class="t3 with-unit-price">
                <span class="value">10</span>
                <span class="cents">99</span>
                <span class="eur">€</span>
                <span class="unit-price">0.34 €/gab</span>            </div>
            
    <span class="vline"></span>
</div>                    		
        
        
        <div class="tags tags_primary bottom_icons">
                                                            
                                <div data-alt="Atlaide ar PALDIES karti" class="tag tag-soap-2 " style="background-image: url('/uploads/sale/atlaide-ar-paldies-karti-7358.png');                     ">
                </div>
                                                                            
                                <div data-alt="CENU LĪDERI" class="tag tag-soap-29 " style="background-image: url('/uploads/sale/cenu-lideri-6010.png');                     ">
                </div>
                            
                    </div>
        <div class="tags tags_primary info_icon">
            
    <div data-alt="Preču piedāvājums atšķirīgs Maxima veikalos, ar aktuālo akcijas preču piedāvājumu aicinām iepazīties uz vietas veikalā!" class="tag i"></div>

        </div>

        <div class="info-notice">
            


                                                                            </div>

        <div class="img">
          <img alt="Veļ.mazg.kaps. MAYERI Sensitive 32m.r." src="/uploads/sale/2025/sales_page/10/29//vel-mazg-kaps-mayeri-sensitive-32m-r-00573-1029180536.png?1761753936">
        </div>
        <div class="text paldies-card      ">
            <div class="title">Veļ.mazg.kaps. MAYERI Sensitive 32m.r.</div>
            <div class="pack">
                <span class="ptitle"></span>
                <span class="price"> 0.34 €/gab</span>
            </div>
                    </div>
        <div class="infopop">
            <div class="in"><span></span>
                <div class="arrow_top"></div>
                <div class="arrow_bottom"></div>
            </div>
        </div>
    </div>
</div><div class="col-third offer-item">
    <div class="item bl_shadow product-237403 paldies-card  offer-2-l-sp-sku units-price        " data-product-id="237403" data-timeout="77" data-dates-interval="30.07.2024. - 29.04.2026." tabindex="0" role="button">
                                                    <div class="discount price with-unit-price ">
                                                                            <div class="paldies-card-icon with-unit-price">
                        <img src="/images/front/icons/paldies2-icon.png" alt="Paldies">
                    </div>
                                                                
                    <div class="t1 with-unit-price paldies-card">
            <span class="value">2</span>
            <span class="cents">39</span>
            <span class="eur">€</span>
            <span class="unit-price">5.49 €/l</span>
        </div>
                    <div class="t2">
                <span class="value">5,99</span>
                <span class="eur">€</span>
            </div>
            <div class="t3 with-unit-price">
                <span class="value">5</span>
                <span class="cents">99</span>
                <span class="eur">€</span>
                <span class="unit-price">13.77 €/l</span>            </div>
            
    <span class="vline"></span>
</div>                    		
        
        
        <div class="tags tags_primary bottom_icons">
                                                            
                                <div data-alt="Atlaide ar PALDIES karti" class="tag tag-soap-2 " style="background-image: url('/uploads/sale/atlaide-ar-paldies-karti-7358.png');                     ">
                </div>
                                                                            
                                <div data-alt="CENU LĪDERI" class="tag tag-soap-29 " style="background-image: url('/uploads/sale/cenu-lideri-6010.png');                     ">
                </div>
                            
                    </div>
        <div class="tags tags_primary info_icon">
            
    <div data-alt="Preču piedāvājums atšķirīgs Maxima veikalos, ar aktuālo akcijas preču piedāvājumu aicinām iepazīties uz vietas veikalā!" class="tag i"></div>

        </div>

        <div class="info-notice">
            


                                                                            </div>

        <div class="img">
          <img alt="Tīr. līdz. CIF kaļķakm.noņemš. 435ml" src="/uploads/sale/2025/sales_page/10/29//tir-lidz-cif-kalkakm-nonems-435ml-00574-1029180536.png?1761753936">
        </div>
        <div class="text paldies-card      ">
            <div class="title">Tīr. līdz. CIF kaļķakm.noņemš. 435ml</div>
            <div class="pack">
                <span class="ptitle"></span>
                <span class="price"> 13.77 €/l</span>
            </div>
                    </div>
        <div class="infopop">
            <div class="in"><span></span>
                <div class="arrow_top"></div>
                <div class="arrow_bottom"></div>
            </div>
        </div>
    </div>
</div><div class="col-third offer-item">
    <div class="item bl_shadow product-237404 paldies-card  offer-2-l-sp-sku units-price        " data-product-id="237404" data-timeout="77" data-dates-interval="30.07.2024. - 29.04.2026." tabindex="0" role="button">
                                                    <div class="discount price with-unit-price ">
                                                                            <div class="paldies-card-icon with-unit-price">
                        <img src="/images/front/icons/paldies2-icon.png" alt="Paldies">
                    </div>
                                                                
                    <div class="t1 with-unit-price paldies-card">
            <span class="value">2</span>
            <span class="cents">39</span>
            <span class="eur">€</span>
            <span class="unit-price">5.49 €/l</span>
        </div>
                    <div class="t2">
                <span class="value">5,99</span>
                <span class="eur">€</span>
            </div>
            <div class="t3 with-unit-price">
                <span class="value">5</span>
                <span class="cents">99</span>
                <span class="eur">€</span>
                <span class="unit-price">13.77 €/l</span>            </div>
            
    <span class="vline"></span>
</div>                    		
        
        
        <div class="tags tags_primary bottom_icons">
                                                            
                                <div data-alt="Atlaide ar PALDIES karti" class="tag tag-soap-2 " style="background-image: url('/uploads/sale/atlaide-ar-paldies-karti-7358.png');                     ">
                </div>
                                                                            
                                <div data-alt="CENU LĪDERI" class="tag tag-soap-29 " style="background-image: url('/uploads/sale/cenu-lideri-6010.png');                     ">
                </div>
                            
                    </div>
        <div class="tags tags_primary info_icon">
            
    <div data-alt="Preču piedāvājums atšķirīgs Maxima veikalos, ar aktuālo akcijas preču piedāvājumu aicinām iepazīties uz vietas veikalā!" class="tag i"></div>

        </div>

        <div class="info-notice">
            


                                                                            </div>

        <div class="img">
          <img alt="Tīr. līdz. pelējuma noņemš. CIF 435ml" src="/uploads/sale/2025/sales_page/10/29//tir-lidz-pelejuma-nonems-cif-435ml-00575-1029180536.png?1761753936">
        </div>
        <div class="text paldies-card      ">
            <div class="title">Tīr. līdz. pelējuma noņemš. CIF 435ml</div>
            <div class="pack">
                <span class="ptitle"></span>
                <span class="price"> 13.77 €/l</span>
            </div>
                    </div>
        <div class="infopop">
            <div class="in"><span></span>
                <div class="arrow_top"></div>
                <div class="arrow_bottom"></div>
            </div>
        </div>
    </div>
</div><div class="col-third offer-item">
    <div class="item bl_shadow product-237438 paldies-card  offer-2-l-sp-sku units-price        " data-product-id="237438" data-timeout="77" data-dates-interval="26.11.2024. - 29.04.2026." tabindex="0" role="button">
                                                    <div class="discount price with-unit-price ">
                                                                            <div class="paldies-card-icon with-unit-price">
                        <img src="/images/front/icons/paldies2-icon.png" alt="Paldies">
                    </div>
                                                                                                
                    <div class="t1 with-unit-price paldies-card">
            <span class="value">2</span>
            <span class="cents">79</span>
            <span class="eur">€</span>
            <span class="unit-price">55.80 €/l</span>
        </div>
                    <div class="t2">
                <span class="value">2,99</span>
                <span class="eur">€</span>
            </div>
            <div class="t3 with-unit-price">
                <span class="value">2</span>
                <span class="cents">99</span>
                <span class="eur">€</span>
                <span class="unit-price">59.80 €/l</span>            </div>
            
    <span class="vline"></span>
</div>                    		
        
        
        <div class="tags tags_primary bottom_icons">
                                                            
                                <div data-alt="Atlaide ar PALDIES karti" class="tag tag-soap-2 " style="background-image: url('/uploads/sale/atlaide-ar-paldies-karti-7358.png');                     ">
                </div>
                                                                            
                                <div data-alt="Prece pieejama MAXIMA XXX veikalos" class="tag tag-soap-4 tag-shops" style="background-image: url('/uploads/sale/piedavajums-speka-maxima-xxx-veikalos-3117.png');                     ">
                </div>
                                                                            
                                <div data-alt="CENU LĪDERI" class="tag tag-soap-29 " style="background-image: url('/uploads/sale/cenu-lideri-6010.png');                     ">
                </div>
                            
                    </div>
        <div class="tags tags_primary info_icon">
            
    <div data-alt="Preču piedāvājums atšķirīgs Maxima veikalos, ar aktuālo akcijas preču piedāvājumu aicinām iepazīties uz vietas veikalā!" class="tag i"></div>

        </div>

        <div class="info-notice">
            


                                                                                                        </div>

        <div class="img">
          <img alt="Dez.rul.NIVEA Black&amp;White Fresh sie.50ml" src="/uploads/sale/2025/sales_page/10/29//dez-rul-nivea-black-white-fresh-sie-50ml-00554-1029180528.png?1761753928">
        </div>
        <div class="text paldies-card      ">
            <div class="title">Dez.rul.NIVEA Black&amp;White Fresh sie.50ml</div>
            <div class="pack">
                <span class="ptitle"></span>
                <span class="price"> 59.80 €/l</span>
            </div>
                    </div>
        <div class="infopop">
            <div class="in"><span></span>
                <div class="arrow_top"></div>
                <div class="arrow_bottom"></div>
            </div>
        </div>
    </div>
</div><div class="col-third offer-item">
    <div class="item bl_shadow product-237439 paldies-card  offer-2-l-sp-sku units-price        " data-product-id="237439" data-timeout="77" data-dates-interval="16.03.2023. - 29.04.2026." tabindex="0" role="button">
                                                    <div class="discount price with-unit-price ">
                                                                            <div class="paldies-card-icon with-unit-price">
                        <img src="/images/front/icons/paldies2-icon.png" alt="Paldies">
                    </div>
                                                                
                    <div class="t1 with-unit-price paldies-card">
            <span class="value">2</span>
            <span class="cents">99</span>
            <span class="eur">€</span>
            <span class="unit-price">0.37 €/gab</span>
        </div>
                    <div class="t2">
                <span class="value">4,70</span>
                <span class="eur">€</span>
            </div>
            <div class="t3 with-unit-price">
                <span class="value">4</span>
                <span class="cents">70</span>
                <span class="eur">€</span>
                <span class="unit-price">0.59 €/gab</span>            </div>
            
    <span class="vline"></span>
</div>                    		
        
        
        <div class="tags tags_primary bottom_icons">
                                                            
                                <div data-alt="Atlaide ar PALDIES karti" class="tag tag-soap-2 " style="background-image: url('/uploads/sale/atlaide-ar-paldies-karti-7358.png');                     ">
                </div>
                                                                            
                                <div data-alt="CENU LĪDERI" class="tag tag-soap-29 " style="background-image: url('/uploads/sale/cenu-lideri-6010.png');                     ">
                </div>
                            
                    </div>
        <div class="tags tags_primary info_icon">
            
    <div data-alt="Preču piedāvājums atšķirīgs Maxima veikalos, ar aktuālo akcijas preču piedāvājumu aicinām iepazīties uz vietas veikalā!" class="tag i"></div>

        </div>

        <div class="info-notice">
            


                                                                            </div>

        <div class="img">
          <img alt="Tualetes papīrs GRITE Blossom 3k. 8r." src="/uploads/sale/2025/sales_page/10/29//tualetes-papirs-grite-blossom-3k-8r-00555-1029180528.png?1761753928">
        </div>
        <div class="text paldies-card      ">
            <div class="title">Tualetes papīrs GRITE Blossom 3k. 8r.</div>
            <div class="pack">
                <span class="ptitle"></span>
                <span class="price"> 0.59 €/gab</span>
            </div>
                    </div>
        <div class="infopop">
            <div class="in"><span></span>
                <div class="arrow_top"></div>
                <div class="arrow_bottom"></div>
            </div>
        </div>
    </div>
</div><div class="col-third offer-item">
    <div class="item bl_shadow product-237572 paldies-card  offer-2-l-sp-sku units-price        " data-product-id="237572" data-timeout="77" data-dates-interval="27.03.2025. - 29.04.2026." tabindex="0" role="button">
                                                    <div class="discount price with-unit-price ">
                                                                            <div class="paldies-card-icon with-unit-price">
                        <img src="/images/front/icons/paldies2-icon.png" alt="Paldies">
                    </div>
                                                                                                                                
                    <div class="t1 with-unit-price paldies-card">
            <span class="value">2</span>
            <span class="cents">79</span>
            <span class="eur">€</span>
            <span class="unit-price">18.60 €/l</span>
        </div>
                    <div class="t2">
                <span class="value">3,79</span>
                <span class="eur">€</span>
            </div>
            <div class="t3 with-unit-price">
                <span class="value">3</span>
                <span class="cents">79</span>
                <span class="eur">€</span>
                <span class="unit-price">25.27 €/l</span>            </div>
            
    <span class="vline"></span>
</div>                    		
        
        
        <div class="tags tags_primary bottom_icons">
                                                            
                                <div data-alt="Atlaide ar PALDIES karti" class="tag tag-soap-2 " style="background-image: url('/uploads/sale/atlaide-ar-paldies-karti-7358.png');                     ">
                </div>
                                                                            
                                <div data-alt="Prece pieejama MAXIMA XX veikalos" class="tag tag-soap-3 tag-shops" style="background-image: url('/uploads/sale/piedavajums-speka-maxima-xx-veikalos-6057.png');                     ">
                </div>
                                                                            
                                <div data-alt="Prece pieejama MAXIMA XXX veikalos" class="tag tag-soap-4 tag-shops" style="background-image: url('/uploads/sale/piedavajums-speka-maxima-xxx-veikalos-3117.png');                     ">
                </div>
                                                                            
                                <div data-alt="CENU LĪDERI" class="tag tag-soap-29 " style="background-image: url('/uploads/sale/cenu-lideri-6010.png');                     ">
                </div>
                            
                    </div>
        <div class="tags tags_primary info_icon">
            
    <div data-alt="Preču piedāvājums atšķirīgs Maxima veikalos, ar aktuālo akcijas preču piedāvājumu aicinām iepazīties uz vietas veikalā!" class="tag i"></div>

        </div>

        <div class="info-notice">
            


                                                                                                                                    </div>

        <div class="img">
          <img alt="Izsm.dez.NIVEA B&amp;W Fresh vīrieš.150ml" src="/uploads/sale/2025/sales_page/10/31//izsm-dez-nivea-b-w-fresh-viries-150ml-00556-0210093518.png?1770708918">
        </div>
        <div class="text paldies-card      ">
            <div class="title">Izsm.dez.NIVEA B&amp;W Fresh vīrieš.150ml</div>
            <div class="pack">
                <span class="ptitle"></span>
                <span class="price"> 25.27 €/l</span>
            </div>
                    </div>
        <div class="infopop">
            <div class="in"><span></span>
                <div class="arrow_top"></div>
                <div class="arrow_bottom"></div>
            </div>
        </div>
    </div>
</div><div class="col-third offer-item">
    <div class="item bl_shadow product-237441 paldies-card  offer-2-l-sp-sku units-price        " data-product-id="237441" data-timeout="77" data-dates-interval="30.07.2024. - 29.04.2026." tabindex="0" role="button">
                                                    <div class="discount price with-unit-price ">
                                                                            <div class="paldies-card-icon with-unit-price">
                        <img src="/images/front/icons/paldies2-icon.png" alt="Paldies">
                    </div>
                                                                
                    <div class="t1 with-unit-price paldies-card">
            <span class="value">1</span>
            <span class="cents">59</span>
            <span class="eur">€</span>
            <span class="unit-price">2.94 €/kg</span>
        </div>
                    <div class="t2">
                <span class="value">1,99</span>
                <span class="eur">€</span>
            </div>
            <div class="t3 with-unit-price">
                <span class="value">1</span>
                <span class="cents">99</span>
                <span class="eur">€</span>
                <span class="unit-price">3.69 €/kg</span>            </div>
            
    <span class="vline"></span>
</div>                    		
        
        
        <div class="tags tags_primary bottom_icons">
                                                            
                                <div data-alt="Atlaide ar PALDIES karti" class="tag tag-soap-2 " style="background-image: url('/uploads/sale/atlaide-ar-paldies-karti-7358.png');                     ">
                </div>
                                                                            
                                <div data-alt="CENU LĪDERI" class="tag tag-soap-29 " style="background-image: url('/uploads/sale/cenu-lideri-6010.png');                     ">
                </div>
                            
                    </div>
        <div class="tags tags_primary info_icon">
            
    <div data-alt="Preču piedāvājums atšķirīgs Maxima veikalos, ar aktuālo akcijas preču piedāvājumu aicinām iepazīties uz vietas veikalā!" class="tag i"></div>

        </div>

        <div class="info-notice">
            


                                                                            </div>

        <div class="img">
          <img alt="Attīr.krēms CIF Lemon ar mikrod. 540g" src="/uploads/sale/2025/sales_page/10/29//attir-krems-cif-lemon-ar-mikrod-540g-00558-0210095523.png?1770710123">
        </div>
        <div class="text paldies-card      ">
            <div class="title">Attīr.krēms CIF Lemon ar mikrod. 540g</div>
            <div class="pack">
                <span class="ptitle"></span>
                <span class="price"> 3.69 €/kg</span>
            </div>
                    </div>
        <div class="infopop">
            <div class="in"><span></span>
                <div class="arrow_top"></div>
                <div class="arrow_bottom"></div>
            </div>
        </div>
    </div>
</div><div class="col-third offer-item">
    <div class="item bl_shadow product-237412 paldies-card  offer-2-l-sp-sku units-price        " data-product-id="237412" data-timeout="77" data-dates-interval="16.03.2023. - 29.04.2026." tabindex="0" role="button">
                                                    <div class="discount price with-unit-price ">
                                                                            <div class="paldies-card-icon with-unit-price">
                        <img src="/images/front/icons/paldies2-icon.png" alt="Paldies">
                    </div>
                                                                                                
                    <div class="t1 with-unit-price paldies-card">
            <span class="value">5</span>
            <span class="cents">99</span>
            <span class="eur">€</span>
            <span class="unit-price">0.75 €/gab</span>
        </div>
                    <div class="t2">
                <span class="value">10,79</span>
                <span class="eur">€</span>
            </div>
            <div class="t3 with-unit-price">
                <span class="value">10</span>
                <span class="cents">79</span>
                <span class="eur">€</span>
                <span class="unit-price">1.35 €/gab</span>            </div>
            
    <span class="vline"></span>
</div>                    		
        
        
        <div class="tags tags_primary bottom_icons">
                                                            
                                <div data-alt="Atlaide ar PALDIES karti" class="tag tag-soap-2 " style="background-image: url('/uploads/sale/atlaide-ar-paldies-karti-7358.png');                     ">
                </div>
                                                                            
                                <div data-alt="Prece pieejama MAXIMA XXX veikalos" class="tag tag-soap-4 tag-shops" style="background-image: url('/uploads/sale/piedavajums-speka-maxima-xxx-veikalos-3117.png');                     ">
                </div>
                                                                            
                                <div data-alt="CENU LĪDERI" class="tag tag-soap-29 " style="background-image: url('/uploads/sale/cenu-lideri-6010.png');                     ">
                </div>
                            
                    </div>
        <div class="tags tags_primary info_icon">
            
    <div data-alt="Preču piedāvājums atšķirīgs Maxima veikalos, ar aktuālo akcijas preču piedāvājumu aicinām iepazīties uz vietas veikalā!" class="tag i"></div>

        </div>

        <div class="info-notice">
            


                                                                                                        </div>

        <div class="img">
          <img alt="Tual.papīrs ZEWA Exclusive Ultra..4k.8r." src="/uploads/sale/2025/sales_page/10/29//tual-papirs-zewa-exclusive-ultra-4k-8r-00559-1029180528.png?1761753928">
        </div>
        <div class="text paldies-card      ">
            <div class="title">Tual.papīrs ZEWA Exclusive Ultra..4k.8r.</div>
            <div class="pack">
                <span class="ptitle"></span>
                <span class="price"> 1.35 €/gab</span>
            </div>
                    </div>
        <div class="infopop">
            <div class="in"><span></span>
                <div class="arrow_top"></div>
                <div class="arrow_bottom"></div>
            </div>
        </div>
    </div>
</div><div class="col-third offer-item">
    <div class="item bl_shadow product-237413 paldies-card  offer-2-l-sp-sku units-price        " data-product-id="237413" data-timeout="77" data-dates-interval="30.07.2024. - 29.04.2026." tabindex="0" role="button">
                                                    <div class="discount price with-unit-price ">
                                                                            <div class="paldies-card-icon with-unit-price">
                        <img src="/images/front/icons/paldies2-icon.png" alt="Paldies">
                    </div>
                                                                                                                                
                    <div class="t1 with-unit-price paldies-card">
            <span class="value">4</span>
            <span class="cents">59</span>
            <span class="eur">€</span>
            <span class="unit-price">22.95 €/l</span>
        </div>
                    <div class="t2">
                <span class="value">6,69</span>
                <span class="eur">€</span>
            </div>
            <div class="t3 with-unit-price">
                <span class="value">6</span>
                <span class="cents">69</span>
                <span class="eur">€</span>
                <span class="unit-price">33.45 €/l</span>            </div>
            
    <span class="vline"></span>
</div>                    		
        
        
        <div class="tags tags_primary bottom_icons">
                                                            
                                <div data-alt="Atlaide ar PALDIES karti" class="tag tag-soap-2 " style="background-image: url('/uploads/sale/atlaide-ar-paldies-karti-7358.png');                     ">
                </div>
                                                                            
                                <div data-alt="Prece pieejama MAXIMA XX veikalos" class="tag tag-soap-3 tag-shops" style="background-image: url('/uploads/sale/piedavajums-speka-maxima-xx-veikalos-6057.png');                     ">
                </div>
                                                                            
                                <div data-alt="Prece pieejama MAXIMA XXX veikalos" class="tag tag-soap-4 tag-shops" style="background-image: url('/uploads/sale/piedavajums-speka-maxima-xxx-veikalos-3117.png');                     ">
                </div>
                                                                            
                                <div data-alt="CENU LĪDERI" class="tag tag-soap-29 " style="background-image: url('/uploads/sale/cenu-lideri-6010.png');                     ">
                </div>
                            
                    </div>
        <div class="tags tags_primary info_icon">
            
    <div data-alt="Preču piedāvājums atšķirīgs Maxima veikalos, ar aktuālo akcijas preču piedāvājumu aicinām iepazīties uz vietas veikalā!" class="tag i"></div>

        </div>

        <div class="info-notice">
            


                                                                                                                                    </div>

        <div class="img">
          <img alt="Traipu tīrīšanas līdz. VANISH Gold 200ml" src="/uploads/sale/2025/sales_page/10/29//traipu-tirisanas-lidz-vanish-gold-200ml-00560-1029180528.png?1761753928">
        </div>
        <div class="text paldies-card      ">
            <div class="title">Traipu tīrīšanas līdz. VANISH Gold 200ml</div>
            <div class="pack">
                <span class="ptitle"></span>
                <span class="price"> 33.45 €/l</span>
            </div>
                    </div>
        <div class="infopop">
            <div class="in"><span></span>
                <div class="arrow_top"></div>
                <div class="arrow_bottom"></div>
            </div>
        </div>
    </div>
</div><div class="col-third offer-item">
    <div class="item bl_shadow product-237554 paldies-card  offer-2-l-sp-sku units-price        " data-product-id="237554" data-timeout="77" data-dates-interval="30.10.2025. - 29.04.2026." tabindex="0" role="button">
                                                    <div class="discount price with-unit-price ">
                                                                            <div class="paldies-card-icon with-unit-price">
                        <img src="/images/front/icons/paldies2-icon.png" alt="Paldies">
                    </div>
                                                                
                    <div class="t1 with-unit-price paldies-card">
            <span class="value">3</span>
            <span class="cents">79</span>
            <span class="eur">€</span>
            <span class="unit-price">75.80 €/l</span>
        </div>
                    <div class="t2">
                <span class="value">6,29</span>
                <span class="eur">€</span>
            </div>
            <div class="t3 with-unit-price">
                <span class="value">6</span>
                <span class="cents">29</span>
                <span class="eur">€</span>
                <span class="unit-price">125.80 €/l</span>            </div>
            
    <span class="vline"></span>
</div>                    		
        
        
        <div class="tags tags_primary bottom_icons">
                                                            
                                <div data-alt="Atlaide ar PALDIES karti" class="tag tag-soap-2 " style="background-image: url('/uploads/sale/atlaide-ar-paldies-karti-7358.png');                     ">
                </div>
                                                                            
                                <div data-alt="CENU LĪDERI" class="tag tag-soap-29 " style="background-image: url('/uploads/sale/cenu-lideri-6010.png');                     ">
                </div>
                            
                    </div>
        <div class="tags tags_primary info_icon">
            
    <div data-alt="Preču piedāvājums atšķirīgs Maxima veikalos, ar aktuālo akcijas preču piedāvājumu aicinām iepazīties uz vietas veikalā!" class="tag i"></div>

        </div>

        <div class="info-notice">
            


                                                                            </div>

        <div class="img">
          <img alt="Sejas krēms GARNIER ar rožūdeni 50ml" src="/uploads/sale/2025/sales_page/10/30//sejas-krems-garnier-ar-rozudeni-50ml-00565-1030133024.png?1761823824">
        </div>
        <div class="text paldies-card      ">
            <div class="title">Sejas krēms GARNIER ar rožūdeni 50ml</div>
            <div class="pack">
                <span class="ptitle"></span>
                <span class="price"> 125.80 €/l</span>
            </div>
                    </div>
        <div class="infopop">
            <div class="in"><span></span>
                <div class="arrow_top"></div>
                <div class="arrow_bottom"></div>
            </div>
        </div>
    </div>
</div><div class="col-third offer-item">
    <div class="item bl_shadow product-237416 paldies-card  offer-2-l-sp-sku units-price        " data-product-id="237416" data-timeout="77" data-dates-interval="30.07.2024. - 29.04.2026." tabindex="0" role="button">
                                                    <div class="discount price with-unit-price ">
                                                                            <div class="paldies-card-icon with-unit-price">
                        <img src="/images/front/icons/paldies2-icon.png" alt="Paldies">
                    </div>
                                                                                                                                                                
                    <div class="t1 with-unit-price paldies-card">
            <span class="value">3</span>
            <span class="cents">19</span>
            <span class="eur">€</span>
            <span class="unit-price">4.56 €/l</span>
        </div>
                    <div class="t2">
                <span class="value">4,99</span>
                <span class="eur">€</span>
            </div>
            <div class="t3 with-unit-price">
                <span class="value">4</span>
                <span class="cents">99</span>
                <span class="eur">€</span>
                <span class="unit-price">7.13 €/l</span>            </div>
            
    <span class="vline"></span>
</div>                    		
        
        
        <div class="tags tags_primary bottom_icons">
                                                            
                                <div data-alt="Atlaide ar PALDIES karti" class="tag tag-soap-2 " style="background-image: url('/uploads/sale/atlaide-ar-paldies-karti-7358.png');                     ">
                </div>
                                                                            
                                <div data-alt="Prece pieejama MAXIMA XX veikalos" class="tag tag-soap-3 tag-shops" style="background-image: url('/uploads/sale/piedavajums-speka-maxima-xx-veikalos-6057.png');                     ">
                </div>
                                                                            
                                <div data-alt="Prece pieejama MAXIMA XXX veikalos" class="tag tag-soap-4 tag-shops" style="background-image: url('/uploads/sale/piedavajums-speka-maxima-xxx-veikalos-3117.png');                     ">
                </div>
                                                                            
                                <div data-alt="Latvijas produkts" class="tag tag-soap-6 " style="background-image: url('/uploads/sale/latvijas-produkts-3559.png');                     ">
                </div>
                                                                            
                                <div data-alt="CENU LĪDERI" class="tag tag-soap-29 " style="background-image: url('/uploads/sale/cenu-lideri-6010.png');                     ">
                </div>
                            
                    </div>
        <div class="tags tags_primary info_icon">
            
    <div data-alt="Preču piedāvājums atšķirīgs Maxima veikalos, ar aktuālo akcijas preču piedāvājumu aicinām iepazīties uz vietas veikalā!" class="tag i"></div>

        </div>

        <div class="info-notice">
            


                                                                                                                                                                </div>

        <div class="img">
          <img alt="Tīr.līdz. KVADRO kaļķ. rūsas noņ. 700ml" src="/uploads/sale/2025/sales_page/10/29//tir-lidz-kvadro-kalk-rusas-non-700ml-00566-1029180528.png?1761753928">
        </div>
        <div class="text paldies-card      ">
            <div class="title">Tīr.līdz. KVADRO kaļķ. rūsas noņ. 700ml</div>
            <div class="pack">
                <span class="ptitle"></span>
                <span class="price"> 7.13 €/l</span>
            </div>
                    </div>
        <div class="infopop">
            <div class="in"><span></span>
                <div class="arrow_top"></div>
                <div class="arrow_bottom"></div>
            </div>
        </div>
    </div>
</div><div class="col-third offer-item">
    <div class="item bl_shadow product-237417 paldies-card  offer-2-l-sp-sku units-price        " data-product-id="237417" data-timeout="77" data-dates-interval="30.07.2024. - 29.04.2026." tabindex="0" role="button">
                                                    <div class="discount price with-unit-price ">
                                                                            <div class="paldies-card-icon with-unit-price">
                        <img src="/images/front/icons/paldies2-icon.png" alt="Paldies">
                    </div>
                                                                                                
                    <div class="t1 with-unit-price paldies-card">
            <span class="value">3</span>
            <span class="cents">59</span>
            <span class="eur">€</span>
            <span class="unit-price">5.13 €/l</span>
        </div>
                    <div class="t2">
                <span class="value">5,45</span>
                <span class="eur">€</span>
            </div>
            <div class="t3 with-unit-price">
                <span class="value">5</span>
                <span class="cents">45</span>
                <span class="eur">€</span>
                <span class="unit-price">7.79 €/l</span>            </div>
            
    <span class="vline"></span>
</div>                    		
        
        
        <div class="tags tags_primary bottom_icons">
                                                            
                                <div data-alt="Atlaide ar PALDIES karti" class="tag tag-soap-2 " style="background-image: url('/uploads/sale/atlaide-ar-paldies-karti-7358.png');                     ">
                </div>
                                                                            
                                <div data-alt="Latvijas produkts" class="tag tag-soap-6 " style="background-image: url('/uploads/sale/latvijas-produkts-3559.png');                     ">
                </div>
                                                                            
                                <div data-alt="CENU LĪDERI" class="tag tag-soap-29 " style="background-image: url('/uploads/sale/cenu-lideri-6010.png');                     ">
                </div>
                            
                    </div>
        <div class="tags tags_primary info_icon">
            
    <div data-alt="Preču piedāvājums atšķirīgs Maxima veikalos, ar aktuālo akcijas preču piedāvājumu aicinām iepazīties uz vietas veikalā!" class="tag i"></div>

        </div>

        <div class="info-notice">
            


                                                                                                        </div>

        <div class="img">
          <img alt="Tīr.līdz.cepeškr.grila&amp;plīt.KVADRO 700ml" src="/uploads/sale/2025/sales_page/10/29//tir-lidz-cepeskr-grila-plit-kvadro-700ml-00567-1029180127.png?1761753687">
        </div>
        <div class="text paldies-card      ">
            <div class="title">Tīr.līdz.cepeškr.grila&amp;plīt.KVADRO 700ml</div>
            <div class="pack">
                <span class="ptitle"></span>
                <span class="price"> 7.79 €/l</span>
            </div>
                    </div>
        <div class="infopop">
            <div class="in"><span></span>
                <div class="arrow_top"></div>
                <div class="arrow_bottom"></div>
            </div>
        </div>
    </div>
</div><div class="col-third offer-item">
    <div class="item bl_shadow product-237418 paldies-card  offer-2-l-sp-sku units-price        " data-product-id="237418" data-timeout="77" data-dates-interval="01.08.2024. - 29.04.2026." tabindex="0" role="button">
                                                    <div class="discount price with-unit-price ">
                                                                            <div class="paldies-card-icon with-unit-price">
                        <img src="/images/front/icons/paldies2-icon.png" alt="Paldies">
                    </div>
                                                                                                                                
                    <div class="t1 with-unit-price paldies-card">
            <span class="value">2</span>
            <span class="cents">29</span>
            <span class="eur">€</span>
            <span class="unit-price">0.23 €/gab</span>
        </div>
                    <div class="t2">
                <span class="value">3,49</span>
                <span class="eur">€</span>
            </div>
            <div class="t3 with-unit-price">
                <span class="value">3</span>
                <span class="cents">49</span>
                <span class="eur">€</span>
                <span class="unit-price">0.35 €/gab</span>            </div>
            
    <span class="vline"></span>
</div>                    		
        
        
        <div class="tags tags_primary bottom_icons">
                                                            
                                <div data-alt="Atlaide ar PALDIES karti" class="tag tag-soap-2 " style="background-image: url('/uploads/sale/atlaide-ar-paldies-karti-7358.png');                     ">
                </div>
                                                                            
                                <div data-alt="Prece pieejama MAXIMA XX veikalos" class="tag tag-soap-3 tag-shops" style="background-image: url('/uploads/sale/piedavajums-speka-maxima-xx-veikalos-6057.png');                     ">
                </div>
                                                                            
                                <div data-alt="Prece pieejama MAXIMA XXX veikalos" class="tag tag-soap-4 tag-shops" style="background-image: url('/uploads/sale/piedavajums-speka-maxima-xxx-veikalos-3117.png');                     ">
                </div>
                                                                            
                                <div data-alt="CENU LĪDERI" class="tag tag-soap-29 " style="background-image: url('/uploads/sale/cenu-lideri-6010.png');                     ">
                </div>
                            
                    </div>
        <div class="tags tags_primary info_icon">
            
    <div data-alt="Preču piedāvājums atšķirīgs Maxima veikalos, ar aktuālo akcijas preču piedāvājumu aicinām iepazīties uz vietas veikalā!" class="tag i"></div>

        </div>

        <div class="info-notice">
            


                                                                                                                                    </div>

        <div class="img">
          <img alt="Kabatlak.ZEWA Softis Soft Sens.4k.10x9gb" src="/uploads/sale/2025/sales_page/10/29//kabatlak-zewa-softis-soft-sens-4k-10x9gb-00568-1029180127.png?1761753687">
        </div>
        <div class="text paldies-card      ">
            <div class="title">Kabatlak.ZEWA Softis Soft Sens.4k.10x9gb</div>
            <div class="pack">
                <span class="ptitle"></span>
                <span class="price"> 0.35 €/gab</span>
            </div>
                    </div>
        <div class="infopop">
            <div class="in"><span></span>
                <div class="arrow_top"></div>
                <div class="arrow_bottom"></div>
            </div>
        </div>
    </div>
</div><div class="col-third offer-item">
    <div class="item bl_shadow product-237595 paldies-card  offer-2-l-sp-sku units-price        " data-product-id="237595" data-timeout="77" data-dates-interval="30.10.2025. - 29.04.2026." tabindex="0" role="button">
                                                    <div class="discount price with-unit-price ">
                                                                            <div class="paldies-card-icon with-unit-price">
                        <img src="/images/front/icons/paldies2-icon.png" alt="Paldies">
                    </div>
                                                                                                                                
                    <div class="t1 with-unit-price paldies-card">
            <span class="value">3</span>
            <span class="cents">49</span>
            <span class="eur">€</span>
            <span class="unit-price">72.71 €/gab</span>
        </div>
                    <div class="t2">
                <span class="value">5,09</span>
                <span class="eur">€</span>
            </div>
            <div class="t3 with-unit-price">
                <span class="value">5</span>
                <span class="cents">09</span>
                <span class="eur">€</span>
                <span class="unit-price">106.04 €/gab</span>            </div>
            
    <span class="vline"></span>
</div>                    		
        
        
        <div class="tags tags_primary bottom_icons">
                                                            
                                <div data-alt="Atlaide ar PALDIES karti" class="tag tag-soap-2 " style="background-image: url('/uploads/sale/atlaide-ar-paldies-karti-7358.png');                     ">
                </div>
                                                                            
                                <div data-alt="Prece pieejama MAXIMA XX veikalos" class="tag tag-soap-3 tag-shops" style="background-image: url('/uploads/sale/piedavajums-speka-maxima-xx-veikalos-6057.png');                     ">
                </div>
                                                                            
                                <div data-alt="Prece pieejama MAXIMA XXX veikalos" class="tag tag-soap-4 tag-shops" style="background-image: url('/uploads/sale/piedavajums-speka-maxima-xxx-veikalos-3117.png');                     ">
                </div>
                                                                            
                                <div data-alt="CENU LĪDERI" class="tag tag-soap-29 " style="background-image: url('/uploads/sale/cenu-lideri-6010.png');                     ">
                </div>
                            
                    </div>
        <div class="tags tags_primary info_icon">
            
    <div data-alt="Preču piedāvājums atšķirīgs Maxima veikalos, ar aktuālo akcijas preču piedāvājumu aicinām iepazīties uz vietas veikalā!" class="tag i"></div>

        </div>

        <div class="info-notice">
            


                                                                                                                                    </div>

        <div class="img">
          <img alt="Ikd.ieliktn.LADY ANION Pantiliner 48gab." src="/uploads/sale/2025/sales_page/10/31//ikd-ieliktn-lady-anion-pantiliner-48gab-00569-1031094025.png?1761896425">
        </div>
        <div class="text paldies-card      ">
            <div class="title">Ikd.ieliktn.LADY ANION Pantiliner 48gab.</div>
            <div class="pack">
                <span class="ptitle"></span>
                <span class="price"> 106.04 €/gab</span>
            </div>
                    </div>
        <div class="infopop">
            <div class="in"><span></span>
                <div class="arrow_top"></div>
                <div class="arrow_bottom"></div>
            </div>
        </div>
    </div>
</div><div class="col-third offer-item">
    <div class="item bl_shadow product-237419 paldies-card  offer-2-l-sp-sku units-price        " data-product-id="237419" data-timeout="77" data-dates-interval="16.03.2023. - 29.04.2026." tabindex="0" role="button">
                                                    <div class="discount price with-unit-price ">
                                                                            <div class="paldies-card-icon with-unit-price">
                        <img src="/images/front/icons/paldies2-icon.png" alt="Paldies">
                    </div>
                                                                                                                                
                    <div class="t1 with-unit-price paldies-card">
            <span class="value">1</span>
            <span class="cents">59</span>
            <span class="eur">€</span>
            <span class="unit-price">0.02 €/gab</span>
        </div>
                    <div class="t2">
                <span class="value">2,89</span>
                <span class="eur">€</span>
            </div>
            <div class="t3 with-unit-price">
                <span class="value">2</span>
                <span class="cents">89</span>
                <span class="eur">€</span>
                <span class="unit-price">0.04 €/gab</span>            </div>
            
    <span class="vline"></span>
</div>                    		
        
        
        <div class="tags tags_primary bottom_icons">
                                                            
                                <div data-alt="Atlaide ar PALDIES karti" class="tag tag-soap-2 " style="background-image: url('/uploads/sale/atlaide-ar-paldies-karti-7358.png');                     ">
                </div>
                                                                            
                                <div data-alt="Prece pieejama MAXIMA XX veikalos" class="tag tag-soap-3 tag-shops" style="background-image: url('/uploads/sale/piedavajums-speka-maxima-xx-veikalos-6057.png');                     ">
                </div>
                                                                            
                                <div data-alt="Prece pieejama MAXIMA XXX veikalos" class="tag tag-soap-4 tag-shops" style="background-image: url('/uploads/sale/piedavajums-speka-maxima-xxx-veikalos-3117.png');                     ">
                </div>
                                                                            
                                <div data-alt="CENU LĪDERI" class="tag tag-soap-29 " style="background-image: url('/uploads/sale/cenu-lideri-6010.png');                     ">
                </div>
                            
                    </div>
        <div class="tags tags_primary info_icon">
            
    <div data-alt="Preču piedāvājums atšķirīgs Maxima veikalos, ar aktuālo akcijas preču piedāvājumu aicinām iepazīties uz vietas veikalā!" class="tag i"></div>

        </div>

        <div class="info-notice">
            


                                                                                                                                    </div>

        <div class="img">
          <img alt="Kosm.salv.ZEWA Softis Soft Sens.4k.80gb." src="/uploads/sale/2025/sales_page/10/29//kosm-salv-zewa-softis-soft-sens-4k-80gb-00570-1029180528.png?1761753928">
        </div>
        <div class="text paldies-card      ">
            <div class="title">Kosm.salv.ZEWA Softis Soft Sens.4k.80gb.</div>
            <div class="pack">
                <span class="ptitle"></span>
                <span class="price"> 0.04 €/gab</span>
            </div>
                    </div>
        <div class="infopop">
            <div class="in"><span></span>
                <div class="arrow_top"></div>
                <div class="arrow_bottom"></div>
            </div>
        </div>
    </div>
</div><div class="col-third offer-item">
    <div class="item bl_shadow product-237402 paldies-card  offer-2-l-sp-sku units-price        " data-product-id="237402" data-timeout="77" data-dates-interval="30.07.2024. - 29.04.2026." tabindex="0" role="button">
                                                    <div class="discount price with-unit-price ">
                                                                            <div class="paldies-card-icon with-unit-price">
                        <img src="/images/front/icons/paldies2-icon.png" alt="Paldies">
                    </div>
                                                                
                    <div class="t1 with-unit-price paldies-card">
            <span class="value">7</span>
            <span class="cents">99</span>
            <span class="eur">€</span>
            <span class="unit-price">0.25 €/gab</span>
        </div>
                    <div class="t2">
                <span class="value">10,99</span>
                <span class="eur">€</span>
            </div>
            <div class="t3 with-unit-price">
                <span class="value">10</span>
                <span class="cents">99</span>
                <span class="eur">€</span>
                <span class="unit-price">0.34 €/gab</span>            </div>
            
    <span class="vline"></span>
</div>                    		
        
        
        <div class="tags tags_primary bottom_icons">
                                                            
                                <div data-alt="Atlaide ar PALDIES karti" class="tag tag-soap-2 " style="background-image: url('/uploads/sale/atlaide-ar-paldies-karti-7358.png');                     ">
                </div>
                                                                            
                                <div data-alt="CENU LĪDERI" class="tag tag-soap-29 " style="background-image: url('/uploads/sale/cenu-lideri-6010.png');                     ">
                </div>
                            
                    </div>
        <div class="tags tags_primary info_icon">
            
    <div data-alt="Preču piedāvājums atšķirīgs Maxima veikalos, ar aktuālo akcijas preču piedāvājumu aicinām iepazīties uz vietas veikalā!" class="tag i"></div>

        </div>

        <div class="info-notice">
            


                                                                            </div>

        <div class="img">
          <img alt="Veļ.mazg.kaps. MAYERI Sensitive 32m.r." src="/uploads/sale/2025/sales_page/10/29//vel-mazg-kaps-mayeri-sensitive-32m-r-00573-1029180536.png?1761753936">
        </div>
        <div class="text paldies-card      ">
            <div class="title">Veļ.mazg.kaps. MAYERI Sensitive 32m.r.</div>
            <div class="pack">
                <span class="ptitle"></span>
                <span class="price"> 0.34 €/gab</span>
            </div>
                    </div>
        <div class="infopop">
            <div class="in"><span></span>
                <div class="arrow_top"></div>
                <div class="arrow_bottom"></div>
            </div>
        </div>
    </div>
</div><div class="col-third offer-item">
    <div class="item bl_shadow product-237403 paldies-card  offer-2-l-sp-sku units-price        " data-product-id="237403" data-timeout="77" data-dates-interval="30.07.2024. - 29.04.2026." tabindex="0" role="button">
                                                    <div class="discount price with-unit-price ">
                                                                            <div class="paldies-card-icon with-unit-price">
                        <img src="/images/front/icons/paldies2-icon.png" alt="Paldies">
                    </div>
                                                                
                    <div class="t1 with-unit-price paldies-card">
            <span class="value">2</span>
            <span class="cents">39</span>
            <span class="eur">€</span>
            <span class="unit-price">5.49 €/l</span>
        </div>
                    <div class="t2">
                <span class="value">5,99</span>
                <span class="eur">€</span>
            </div>
            <div class="t3 with-unit-price">
                <span class="value">5</span>
                <span class="cents">99</span>
                <span class="eur">€</span>
                <span class="unit-price">13.77 €/l</span>            </div>
            
    <span class="vline"></span>
</div>                    		
        
        
        <div class="tags tags_primary bottom_icons">
                                                            
                                <div data-alt="Atlaide ar PALDIES karti" class="tag tag-soap-2 " style="background-image: url('/uploads/sale/atlaide-ar-paldies-karti-7358.png');                     ">
                </div>
                                                                            
                                <div data-alt="CENU LĪDERI" class="tag tag-soap-29 " style="background-image: url('/uploads/sale/cenu-lideri-6010.png');                     ">
                </div>
                            
                    </div>
        <div class="tags tags_primary info_icon">
            
    <div data-alt="Preču piedāvājums atšķirīgs Maxima veikalos, ar aktuālo akcijas preču piedāvājumu aicinām iepazīties uz vietas veikalā!" class="tag i"></div>

        </div>

        <div class="info-notice">
            


                                                                            </div>

        <div class="img">
          <img alt="Tīr. līdz. CIF kaļķakm.noņemš. 435ml" src="/uploads/sale/2025/sales_page/10/29//tir-lidz-cif-kalkakm-nonems-435ml-00574-1029180536.png?1761753936">
        </div>
        <div class="text paldies-card      ">
            <div class="title">Tīr. līdz. CIF kaļķakm.noņemš. 435ml</div>
            <div class="pack">
                <span class="ptitle"></span>
                <span class="price"> 13.77 €/l</span>
            </div>
                    </div>
        <div class="infopop">
            <div class="in"><span></span>
                <div class="arrow_top"></div>
                <div class="arrow_bottom"></div>
            </div>
        </div>
    </div>
</div><div class="col-third offer-item">
    <div class="item bl_shadow product-237404 paldies-card  offer-2-l-sp-sku units-price        " data-product-id="237404" data-timeout="77" data-dates-interval="30.07.2024. - 29.04.2026." tabindex="0" role="button">
                                                    <div class="discount price with-unit-price ">
                                                                            <div class="paldies-card-icon with-unit-price">
                        <img src="/images/front/icons/paldies2-icon.png" alt="Paldies">
                    </div>
                                                                
                    <div class="t1 with-unit-price paldies-card">
            <span class="value">2</span>
            <span class="cents">39</span>
            <span class="eur">€</span>
            <span class="unit-price">5.49 €/l</span>
        </div>
                    <div class="t2">
                <span class="value">5,99</span>
                <span class="eur">€</span>
            </div>
            <div class="t3 with-unit-price">
                <span class="value">5</span>
                <span class="cents">99</span>
                <span class="eur">€</span>
                <span class="unit-price">13.77 €/l</span>            </div>
            
    <span class="vline"></span>
</div>                    		
        
        
        <div class="tags tags_primary bottom_icons">
                                                            
                                <div data-alt="Atlaide ar PALDIES karti" class="tag tag-soap-2 " style="background-image: url('/uploads/sale/atlaide-ar-paldies-karti-7358.png');                     ">
                </div>
                                                                            
                                <div data-alt="CENU LĪDERI" class="tag tag-soap-29 " style="background-image: url('/uploads/sale/cenu-lideri-6010.png');                     ">
                </div>
                            
                    </div>
        <div class="tags tags_primary info_icon">
            
    <div data-alt="Preču piedāvājums atšķirīgs Maxima veikalos, ar aktuālo akcijas preču piedāvājumu aicinām iepazīties uz vietas veikalā!" class="tag i"></div>

        </div>

        <div class="info-notice">
            


                                                                            </div>

        <div class="img">
          <img alt="Tīr. līdz. pelējuma noņemš. CIF 435ml" src="/uploads/sale/2025/sales_page/10/29//tir-lidz-pelejuma-nonems-cif-435ml-00575-1029180536.png?1761753936">
        </div>
        <div class="text paldies-card      ">
            <div class="title">Tīr. līdz. pelējuma noņemš. CIF 435ml</div>
            <div class="pack">
                <span class="ptitle"></span>
                <span class="price"> 13.77 €/l</span>
            </div>
                    </div>
        <div class="infopop">
            <div class="in"><span></span>
                <div class="arrow_top"></div>
                <div class="arrow_bottom"></div>
            </div>
        </div>
    </div>
</div><div class="col-third offer-item">
    <div class="item bl_shadow product-237438 paldies-card  offer-2-l-sp-sku units-price        " data-product-id="237438" data-timeout="77" data-dates-interval="26.11.2024. - 29.04.2026." tabindex="0" role="button">
                                                    <div class="discount price with-unit-price ">
                                                                            <div class="paldies-card-icon with-unit-price">
                        <img src="/images/front/icons/paldies2-icon.png" alt="Paldies">
                    </div>
                                                                                                
                    <div class="t1 with-unit-price paldies-card">
            <span class="value">2</span>
            <span class="cents">79</span>
            <span class="eur">€</span>
            <span class="unit-price">55.80 €/l</span>
        </div>
                    <div class="t2">
                <span class="value">2,99</span>
                <span class="eur">€</span>
            </div>
            <div class="t3 with-unit-price">
                <span class="value">2</span>
                <span class="cents">99</span>
                <span class="eur">€</span>
                <span class="unit-price">59.80 €/l</span>            </div>
            
    <span class="vline"></span>
</div>                    		
        
        
        <div class="tags tags_primary bottom_icons">
                                                            
                                <div data-alt="Atlaide ar PALDIES karti" class="tag tag-soap-2 " style="background-image: url('/uploads/sale/atlaide-ar-paldies-karti-7358.png');                     ">
                </div>
                                                                            
                                <div data-alt="Prece pieejama MAXIMA XXX veikalos" class="tag tag-soap-4 tag-shops" style="background-image: url('/uploads/sale/piedavajums-speka-maxima-xxx-veikalos-3117.png');                     ">
                </div>
                                                                            
                                <div data-alt="CENU LĪDERI" class="tag tag-soap-29 " style="background-image: url('/uploads/sale/cenu-lideri-6010.png');                     ">
                </div>
                            
                    </div>
        <div class="tags tags_primary info_icon">
            
    <div data-alt="Preču piedāvājums atšķirīgs Maxima veikalos, ar aktuālo akcijas preču piedāvājumu aicinām iepazīties uz vietas veikalā!" class="tag i"></div>

        </div>

        <div class="info-notice">
            


                                                                                                        </div>

        <div class="img">
          <img alt="Dez.rul.NIVEA Black&amp;White Fresh sie.50ml" src="/uploads/sale/2025/sales_page/10/29//dez-rul-nivea-black-white-fresh-sie-50ml-00554-1029180528.png?1761753928">
        </div>
        <div class="text paldies-card      ">
            <div class="title">Dez.rul.NIVEA Black&amp;White Fresh sie.50ml</div>
            <div class="pack">
                <span class="ptitle"></span>
                <span class="price"> 59.80 €/l</span>
            </div>
                    </div>
        <div class="infopop">
            <div class="in"><span></span>
                <div class="arrow_top"></div>
                <div class="arrow_bottom"></div>
            </div>
        </div>
    </div>
</div><div class="col-third offer-item">
    <div class="item bl_shadow product-237439 paldies-card  offer-2-l-sp-sku units-price        " data-product-id="237439" data-timeout="77" data-dates-interval="16.03.2023. - 29.04.2026." tabindex="0" role="button">
                                                    <div class="discount price with-unit-price ">
                                                                            <div class="paldies-card-icon with-unit-price">
                        <img src="/images/front/icons/paldies2-icon.png" alt="Paldies">
                    </div>
                                                                
                    <div class="t1 with-unit-price paldies-card">
            <span class="value">2</span>
            <span class="cents">99</span>
            <span class="eur">€</span>
            <span class="unit-price">0.37 €/gab</span>
        </div>
                    <div class="t2">
                <span class="value">4,70</span>
                <span class="eur">€</span>
            </div>
            <div class="t3 with-unit-price">
                <span class="value">4</span>
                <span class="cents">70</span>
                <span class="eur">€</span>
                <span class="unit-price">0.59 €/gab</span>            </div>
            
    <span class="vline"></span>
</div>                    		
        
        
        <div class="tags tags_primary bottom_icons">
                                                            
                                <div data-alt="Atlaide ar PALDIES karti" class="tag tag-soap-2 " style="background-image: url('/uploads/sale/atlaide-ar-paldies-karti-7358.png');                     ">
                </div>
                                                                            
                                <div data-alt="CENU LĪDERI" class="tag tag-soap-29 " style="background-image: url('/uploads/sale/cenu-lideri-6010.png');                     ">
                </div>
                            
                    </div>
        <div class="tags tags_primary info_icon">
            
    <div data-alt="Preču piedāvājums atšķirīgs Maxima veikalos, ar aktuālo akcijas preču piedāvājumu aicinām iepazīties uz vietas veikalā!" class="tag i"></div>

        </div>

        <div class="info-notice">
            


                                                                            </div>

        <div class="img">
          <img alt="Tualetes papīrs GRITE Blossom 3k. 8r." src="/uploads/sale/2025/sales_page/10/29//tualetes-papirs-grite-blossom-3k-8r-00555-1029180528.png?1761753928">
        </div>
        <div class="text paldies-card      ">
            <div class="title">Tualetes papīrs GRITE Blossom 3k. 8r.</div>
            <div class="pack">
                <span class="ptitle"></span>
                <span class="price"> 0.59 €/gab</span>
            </div>
                    </div>
        <div class="infopop">
            <div class="in"><span></span>
                <div class="arrow_top"></div>
                <div class="arrow_bottom"></div>
            </div>
        </div>
    </div>
</div><div class="col-third offer-item">
    <div class="item bl_shadow product-237572 paldies-card  offer-2-l-sp-sku units-price        " data-product-id="237572" data-timeout="77" data-dates-interval="27.03.2025. - 29.04.2026." tabindex="0" role="button">
                                                    <div class="discount price with-unit-price ">
                                                                            <div class="paldies-card-icon with-unit-price">
                        <img src="/images/front/icons/paldies2-icon.png" alt="Paldies">
                    </div>
                                                                                                                                
                    <div class="t1 with-unit-price paldies-card">
            <span class="value">2</span>
            <span class="cents">79</span>
            <span class="eur">€</span>
            <span class="unit-price">18.60 €/l</span>
        </div>
                    <div class="t2">
                <span class="value">3,79</span>
                <span class="eur">€</span>
            </div>
            <div class="t3 with-unit-price">
                <span class="value">3</span>
                <span class="cents">79</span>
                <span class="eur">€</span>
                <span class="unit-price">25.27 €/l</span>            </div>
            
    <span class="vline"></span>
</div>                    		
        
        
        <div class="tags tags_primary bottom_icons">
                                                            
                                <div data-alt="Atlaide ar PALDIES karti" class="tag tag-soap-2 " style="background-image: url('/uploads/sale/atlaide-ar-paldies-karti-7358.png');                     ">
                </div>
                                                                            
                                <div data-alt="Prece pieejama MAXIMA XX veikalos" class="tag tag-soap-3 tag-shops" style="background-image: url('/uploads/sale/piedavajums-speka-maxima-xx-veikalos-6057.png');                     ">
                </div>
                                                                            
                                <div data-alt="Prece pieejama MAXIMA XXX veikalos" class="tag tag-soap-4 tag-shops" style="background-image: url('/uploads/sale/piedavajums-speka-maxima-xxx-veikalos-3117.png');                     ">
                </div>
                                                                            
                                <div data-alt="CENU LĪDERI" class="tag tag-soap-29 " style="background-image: url('/uploads/sale/cenu-lideri-6010.png');                     ">
                </div>
                            
                    </div>
        <div class="tags tags_primary info_icon">
            
    <div data-alt="Preču piedāvājums atšķirīgs Maxima veikalos, ar aktuālo akcijas preču piedāvājumu aicinām iepazīties uz vietas veikalā!" class="tag i"></div>

        </div>

        <div class="info-notice">
            


                                                                                                                                    </div>

        <div class="img">
          <img alt="Izsm.dez.NIVEA B&amp;W Fresh vīrieš.150ml" src="/uploads/sale/2025/sales_page/10/31//izsm-dez-nivea-b-w-fresh-viries-150ml-00556-0210093518.png?1770708918">
        </div>
        <div class="text paldies-card      ">
            <div class="title">Izsm.dez.NIVEA B&amp;W Fresh vīrieš.150ml</div>
            <div class="pack">
                <span class="ptitle"></span>
                <span class="price"> 25.27 €/l</span>
            </div>
                    </div>
        <div class="infopop">
            <div class="in"><span></span>
                <div class="arrow_top"></div>
                <div class="arrow_bottom"></div>
            </div>
        </div>
    </div>
</div><div class="col-third offer-item">
    <div class="item bl_shadow product-237441 paldies-card  offer-2-l-sp-sku units-price        " data-product-id="237441" data-timeout="77" data-dates-interval="30.07.2024. - 29.04.2026." tabindex="0" role="button">
                                                    <div class="discount price with-unit-price ">
                                                                            <div class="paldies-card-icon with-unit-price">
                        <img src="/images/front/icons/paldies2-icon.png" alt="Paldies">
                    </div>
                                                                
                    <div class="t1 with-unit-price paldies-card">
            <span class="value">1</span>
            <span class="cents">59</span>
            <span class="eur">€</span>
            <span class="unit-price">2.94 €/kg</span>
        </div>
                    <div class="t2">
                <span class="value">1,99</span>
                <span class="eur">€</span>
            </div>
            <div class="t3 with-unit-price">
                <span class="value">1</span>
                <span class="cents">99</span>
                <span class="eur">€</span>
                <span class="unit-price">3.69 €/kg</span>            </div>
            
    <span class="vline"></span>
</div>                    		
        
        
        <div class="tags tags_primary bottom_icons">
                                                            
                                <div data-alt="Atlaide ar PALDIES karti" class="tag tag-soap-2 " style="background-image: url('/uploads/sale/atlaide-ar-paldies-karti-7358.png');                     ">
                </div>
                                                                            
                                <div data-alt="CENU LĪDERI" class="tag tag-soap-29 " style="background-image: url('/uploads/sale/cenu-lideri-6010.png');                     ">
                </div>
                            
                    </div>
        <div class="tags tags_primary info_icon">
            
    <div data-alt="Preču piedāvājums atšķirīgs Maxima veikalos, ar aktuālo akcijas preču piedāvājumu aicinām iepazīties uz vietas veikalā!" class="tag i"></div>

        </div>

        <div class="info-notice">
            


                                                                            </div>

        <div class="img">
          <img alt="Attīr.krēms CIF Lemon ar mikrod. 540g" src="/uploads/sale/2025/sales_page/10/29//attir-krems-cif-lemon-ar-mikrod-540g-00558-0210095523.png?1770710123">
        </div>
        <div class="text paldies-card      ">
            <div class="title">Attīr.krēms CIF Lemon ar mikrod. 540g</div>
            <div class="pack">
                <span class="ptitle"></span>
                <span class="price"> 3.69 €/kg</span>
            </div>
                    </div>
        <div class="infopop">
            <div class="in"><span></span>
                <div class="arrow_top"></div>
                <div class="arrow_bottom"></div>
            </div>
        </div>
    </div>
</div><div class="col-third offer-item">
    <div class="item bl_shadow product-237412 paldies-card  offer-2-l-sp-sku units-price        " data-product-id="237412" data-timeout="77" data-dates-interval="16.03.2023. - 29.04.2026." tabindex="0" role="button">
                                                    <div class="discount price with-unit-price ">
                                                                            <div class="paldies-card-icon with-unit-price">
                        <img src="/images/front/icons/paldies2-icon.png" alt="Paldies">
                    </div>
                                                                                                
                    <div class="t1 with-unit-price paldies-card">
            <span class="value">5</span>
            <span class="cents">99</span>
            <span class="eur">€</span>
            <span class="unit-price">0.75 €/gab</span>
        </div>
                    <div class="t2">
                <span class="value">10,79</span>
                <span class="eur">€</span>
            </div>
            <div class="t3 with-unit-price">
                <span class="value">10</span>
                <span class="cents">79</span>
                <span class="eur">€</span>
                <span class="unit-price">1.35 €/gab</span>            </div>
            
    <span class="vline"></span>
</div>                    		
        
        
        <div class="tags tags_primary bottom_icons">
                                                            
                                <div data-alt="Atlaide ar PALDIES karti" class="tag tag-soap-2 " style="background-image: url('/uploads/sale/atlaide-ar-paldies-karti-7358.png');                     ">
                </div>
                                                                            
                                <div data-alt="Prece pieejama MAXIMA XXX veikalos" class="tag tag-soap-4 tag-shops" style="background-image: url('/uploads/sale/piedavajums-speka-maxima-xxx-veikalos-3117.png');                     ">
                </div>
                                                                            
                                <div data-alt="CENU LĪDERI" class="tag tag-soap-29 " style="background-image: url('/uploads/sale/cenu-lideri-6010.png');                     ">
                </div>
                            
                    </div>
        <div class="tags tags_primary info_icon">
            
    <div data-alt="Preču piedāvājums atšķirīgs Maxima veikalos, ar aktuālo akcijas preču piedāvājumu aicinām iepazīties uz vietas veikalā!" class="tag i"></div>

        </div>

        <div class="info-notice">
            


                                                                                                        </div>

        <div class="img">
          <img alt="Tual.papīrs ZEWA Exclusive Ultra..4k.8r." src="/uploads/sale/2025/sales_page/10/29//tual-papirs-zewa-exclusive-ultra-4k-8r-00559-1029180528.png?1761753928">
        </div>
        <div class="text paldies-card      ">
            <div class="title">Tual.papīrs ZEWA Exclusive Ultra..4k.8r.</div>
            <div class="pack">
                <span class="ptitle"></span>
                <span class="price"> 1.35 €/gab</span>
            </div>
                    </div>
        <div class="infopop">
            <div class="in"><span></span>
                <div class="arrow_top"></div>
                <div class="arrow_bottom"></div>
            </div>
        </div>
    </div>
</div><div class="col-third offer-item">
    <div class="item bl_shadow product-237413 paldies-card  offer-2-l-sp-sku units-price        " data-product-id="237413" data-timeout="77" data-dates-interval="30.07.2024. - 29.04.2026." tabindex="0" role="button">
                                                    <div class="discount price with-unit-price ">
                                                                            <div class="paldies-card-icon with-unit-price">
                        <img src="/images/front/icons/paldies2-icon.png" alt="Paldies">
                    </div>
                                                                                                                                
                    <div class="t1 with-unit-price paldies-card">
            <span class="value">4</span>
            <span class="cents">59</span>
            <span class="eur">€</span>
            <span class="unit-price">22.95 €/l</span>
        </div>
                    <div class="t2">
                <span class="value">6,69</span>
                <span class="eur">€</span>
            </div>
            <div class="t3 with-unit-price">
                <span class="value">6</span>
                <span class="cents">69</span>
                <span class="eur">€</span>
                <span class="unit-price">33.45 €/l</span>            </div>
            
    <span class="vline"></span>
</div>                    		
        
        
        <div class="tags tags_primary bottom_icons">
                                                            
                                <div data-alt="Atlaide ar PALDIES karti" class="tag tag-soap-2 " style="background-image: url('/uploads/sale/atlaide-ar-paldies-karti-7358.png');                     ">
                </div>
                                                                            
                                <div data-alt="Prece pieejama MAXIMA XX veikalos" class="tag tag-soap-3 tag-shops" style="background-image: url('/uploads/sale/piedavajums-speka-maxima-xx-veikalos-6057.png');                     ">
                </div>
                                                                            
                                <div data-alt="Prece pieejama MAXIMA XXX veikalos" class="tag tag-soap-4 tag-shops" style="background-image: url('/uploads/sale/piedavajums-speka-maxima-xxx-veikalos-3117.png');                     ">
                </div>
                                                                            
                                <div data-alt="CENU LĪDERI" class="tag tag-soap-29 " style="background-image: url('/uploads/sale/cenu-lideri-6010.png');                     ">
                </div>
                            
                    </div>
        <div class="tags tags_primary info_icon">
            
    <div data-alt="Preču piedāvājums atšķirīgs Maxima veikalos, ar aktuālo akcijas preču piedāvājumu aicinām iepazīties uz vietas veikalā!" class="tag i"></div>

        </div>

        <div class="info-notice">
            


                                                                                                                                    </div>

        <div class="img">
          <img alt="Traipu tīrīšanas līdz. VANISH Gold 200ml" src="/uploads/sale/2025/sales_page/10/29//traipu-tirisanas-lidz-vanish-gold-200ml-00560-1029180528.png?1761753928">
        </div>
        <div class="text paldies-card      ">
            <div class="title">Traipu tīrīšanas līdz. VANISH Gold 200ml</div>
            <div class="pack">
                <span class="ptitle"></span>
                <span class="price"> 33.45 €/l</span>
            </div>
                    </div>
        <div class="infopop">
            <div class="in"><span></span>
                <div class="arrow_top"></div>
                <div class="arrow_bottom"></div>
            </div>
        </div>
    </div>
</div><div class="col-third offer-item">
    <div class="item bl_shadow product-237554 paldies-card  offer-2-l-sp-sku units-price        " data-product-id="237554" data-timeout="77" data-dates-interval="30.10.2025. - 29.04.2026." tabindex="0" role="button">
                                                    <div class="discount price with-unit-price ">
                                                                            <div class="paldies-card-icon with-unit-price">
                        <img src="/images/front/icons/paldies2-icon.png" alt="Paldies">
                    </div>
                                                                
                    <div class="t1 with-unit-price paldies-card">
            <span class="value">3</span>
            <span class="cents">79</span>
            <span class="eur">€</span>
            <span class="unit-price">75.80 €/l</span>
        </div>
                    <div class="t2">
                <span class="value">6,29</span>
                <span class="eur">€</span>
            </div>
            <div class="t3 with-unit-price">
                <span class="value">6</span>
                <span class="cents">29</span>
                <span class="eur">€</span>
                <span class="unit-price">125.80 €/l</span>            </div>
            
    <span class="vline"></span>
</div>                    		
        
        
        <div class="tags tags_primary bottom_icons">
                                                            
                                <div data-alt="Atlaide ar PALDIES karti" class="tag tag-soap-2 " style="background-image: url('/uploads/sale/atlaide-ar-paldies-karti-7358.png');                     ">
                </div>
                                                                            
                                <div data-alt="CENU LĪDERI" class="tag tag-soap-29 " style="background-image: url('/uploads/sale/cenu-lideri-6010.png');                     ">
                </div>
                            
                    </div>
        <div class="tags tags_primary info_icon">
            
    <div data-alt="Preču piedāvājums atšķirīgs Maxima veikalos, ar aktuālo akcijas preču piedāvājumu aicinām iepazīties uz vietas veikalā!" class="tag i"></div>

        </div>

        <div class="info-notice">
            


                                                                            </div>

        <div class="img">
          <img alt="Sejas krēms GARNIER ar rožūdeni 50ml" src="/uploads/sale/2025/sales_page/10/30//sejas-krems-garnier-ar-rozudeni-50ml-00565-1030133024.png?1761823824">
        </div>
        <div class="text paldies-card      ">
            <div class="title">Sejas krēms GARNIER ar rožūdeni 50ml</div>
            <div class="pack">
                <span class="ptitle"></span>
                <span class="price"> 125.80 €/l</span>
            </div>
                    </div>
        <div class="infopop">
            <div class="in"><span></span>
                <div class="arrow_top"></div>
                <div class="arrow_bottom"></div>
            </div>
        </div>
    </div>
</div><div class="col-third offer-item">
    <div class="item bl_shadow product-237416 paldies-card  offer-2-l-sp-sku units-price        " data-product-id="237416" data-timeout="77" data-dates-interval="30.07.2024. - 29.04.2026." tabindex="0" role="button">
                                                    <div class="discount price with-unit-price ">
                                                                            <div class="paldies-card-icon with-unit-price">
                        <img src="/images/front/icons/paldies2-icon.png" alt="Paldies">
                    </div>
                                                                                                                                                                
                    <div class="t1 with-unit-price paldies-card">
            <span class="value">3</span>
            <span class="cents">19</span>
            <span class="eur">€</span>
            <span class="unit-price">4.56 €/l</span>
        </div>
                    <div class="t2">
                <span class="value">4,99</span>
                <span class="eur">€</span>
            </div>
            <div class="t3 with-unit-price">
                <span class="value">4</span>
                <span class="cents">99</span>
                <span class="eur">€</span>
                <span class="unit-price">7.13 €/l</span>            </div>
            
    <span class="vline"></span>
</div>                    		
        
        
        <div class="tags tags_primary bottom_icons">
                                                            
                                <div data-alt="Atlaide ar PALDIES karti" class="tag tag-soap-2 " style="background-image: url('/uploads/sale/atlaide-ar-paldies-karti-7358.png');                     ">
                </div>
                                                                            
                                <div data-alt="Prece pieejama MAXIMA XX veikalos" class="tag tag-soap-3 tag-shops" style="background-image: url('/uploads/sale/piedavajums-speka-maxima-xx-veikalos-6057.png');                     ">
                </div>
                                                                            
                                <div data-alt="Prece pieejama MAXIMA XXX veikalos" class="tag tag-soap-4 tag-shops" style="background-image: url('/uploads/sale/piedavajums-speka-maxima-xxx-veikalos-3117.png');                     ">
                </div>
                                                                            
                                <div data-alt="Latvijas produkts" class="tag tag-soap-6 " style="background-image: url('/uploads/sale/latvijas-produkts-3559.png');                     ">
                </div>
                                                                            
                                <div data-alt="CENU LĪDERI" class="tag tag-soap-29 " style="background-image: url('/uploads/sale/cenu-lideri-6010.png');                     ">
                </div>
                            
                    </div>
        <div class="tags tags_primary info_icon">
            
    <div data-alt="Preču piedāvājums atšķirīgs Maxima veikalos, ar aktuālo akcijas preču piedāvājumu aicinām iepazīties uz vietas veikalā!" class="tag i"></div>

        </div>

        <div class="info-notice">
            


                                                                                                                                                                </div>

        <div class="img">
          <img alt="Tīr.līdz. KVADRO kaļķ. rūsas noņ. 700ml" src="/uploads/sale/2025/sales_page/10/29//tir-lidz-kvadro-kalk-rusas-non-700ml-00566-1029180528.png?1761753928">
        </div>
        <div class="text paldies-card      ">
            <div class="title">Tīr.līdz. KVADRO kaļķ. rūsas noņ. 700ml</div>
            <div class="pack">
                <span class="ptitle"></span>
                <span class="price"> 7.13 €/l</span>
            </div>
                    </div>
        <div class="infopop">
            <div class="in"><span></span>
                <div class="arrow_top"></div>
                <div class="arrow_bottom"></div>
            </div>
        </div>
    </div>
</div><div class="col-third offer-item">
    <div class="item bl_shadow product-237417 paldies-card  offer-2-l-sp-sku units-price        " data-product-id="237417" data-timeout="77" data-dates-interval="30.07.2024. - 29.04.2026." tabindex="0" role="button">
                                                    <div class="discount price with-unit-price ">
                                                                            <div class="paldies-card-icon with-unit-price">
                        <img src="/images/front/icons/paldies2-icon.png" alt="Paldies">
                    </div>
                                                                                                
                    <div class="t1 with-unit-price paldies-card">
            <span class="value">3</span>
            <span class="cents">59</span>
            <span class="eur">€</span>
            <span class="unit-price">5.13 €/l</span>
        </div>
                    <div class="t2">
                <span class="value">5,45</span>
                <span class="eur">€</span>
            </div>
            <div class="t3 with-unit-price">
                <span class="value">5</span>
                <span class="cents">45</span>
                <span class="eur">€</span>
                <span class="unit-price">7.79 €/l</span>            </div>
            
    <span class="vline"></span>
</div>                    		
        
        
        <div class="tags tags_primary bottom_icons">
                                                            
                                <div data-alt="Atlaide ar PALDIES karti" class="tag tag-soap-2 " style="background-image: url('/uploads/sale/atlaide-ar-paldies-karti-7358.png');                     ">
                </div>
                                                                            
                                <div data-alt="Latvijas produkts" class="tag tag-soap-6 " style="background-image: url('/uploads/sale/latvijas-produkts-3559.png');                     ">
                </div>
                                                                            
                                <div data-alt="CENU LĪDERI" class="tag tag-soap-29 " style="background-image: url('/uploads/sale/cenu-lideri-6010.png');                     ">
                </div>
                            
                    </div>
        <div class="tags tags_primary info_icon">
            
    <div data-alt="Preču piedāvājums atšķirīgs Maxima veikalos, ar aktuālo akcijas preču piedāvājumu aicinām iepazīties uz vietas veikalā!" class="tag i"></div>

        </div>

        <div class="info-notice">
            


                                                                                                        </div>

        <div class="img">
          <img alt="Tīr.līdz.cepeškr.grila&amp;plīt.KVADRO 700ml" src="/uploads/sale/2025/sales_page/10/29//tir-lidz-cepeskr-grila-plit-kvadro-700ml-00567-1029180127.png?1761753687">
        </div>
        <div class="text paldies-card      ">
            <div class="title">Tīr.līdz.cepeškr.grila&amp;plīt.KVADRO 700ml</div>
            <div class="pack">
                <span class="ptitle"></span>
                <span class="price"> 7.79 €/l</span>
            </div>
                    </div>
        <div class="infopop">
            <div class="in"><span></span>
                <div class="arrow_top"></div>
                <div class="arrow_bottom"></div>
            </div>
        </div>
    </div>
</div><div class="col-third offer-item">
    <div class="item bl_shadow product-237418 paldies-card  offer-2-l-sp-sku units-price        " data-product-id="237418" data-timeout="77" data-dates-interval="01.08.2024. - 29.04.2026." tabindex="0" role="button">
                                                    <div class="discount price with-unit-price ">
                                                                            <div class="paldies-card-icon with-unit-price">
                        <img src="/images/front/icons/paldies2-icon.png" alt="Paldies">
                    </div>
                                                                                                                                
                    <div class="t1 with-unit-price paldies-card">
            <span class="value">2</span>
            <span class="cents">29</span>
            <span class="eur">€</span>
            <span class="unit-price">0.23 €/gab</span>
        </div>
                    <div class="t2">
                <span class="value">3,49</span>
                <span class="eur">€</span>
            </div>
            <div class="t3 with-unit-price">
                <span class="value">3</span>
                <span class="cents">49</span>
                <span class="eur">€</span>
                <span class="unit-price">0.35 €/gab</span>            </div>
            
    <span class="vline"></span>
</div>                    		
        
        
        <div class="tags tags_primary bottom_icons">
                                                            
                                <div data-alt="Atlaide ar PALDIES karti" class="tag tag-soap-2 " style="background-image: url('/uploads/sale/atlaide-ar-paldies-karti-7358.png');                     ">
                </div>
                                                                            
                                <div data-alt="Prece pieejama MAXIMA XX veikalos" class="tag tag-soap-3 tag-shops" style="background-image: url('/uploads/sale/piedavajums-speka-maxima-xx-veikalos-6057.png');                     ">
                </div>
                                                                            
                                <div data-alt="Prece pieejama MAXIMA XXX veikalos" class="tag tag-soap-4 tag-shops" style="background-image: url('/uploads/sale/piedavajums-speka-maxima-xxx-veikalos-3117.png');                     ">
                </div>
                                                                            
                                <div data-alt="CENU LĪDERI" class="tag tag-soap-29 " style="background-image: url('/uploads/sale/cenu-lideri-6010.png');                     ">
                </div>
                            
                    </div>
        <div class="tags tags_primary info_icon">
            
    <div data-alt="Preču piedāvājums atšķirīgs Maxima veikalos, ar aktuālo akcijas preču piedāvājumu aicinām iepazīties uz vietas veikalā!" class="tag i"></div>

        </div>

        <div class="info-notice">
            


                                                                                                                                    </div>

        <div class="img">
          <img alt="Kabatlak.ZEWA Softis Soft Sens.4k.10x9gb" src="/uploads/sale/2025/sales_page/10/29//kabatlak-zewa-softis-soft-sens-4k-10x9gb-00568-1029180127.png?1761753687">
        </div>
        <div class="text paldies-card      ">
            <div class="title">Kabatlak.ZEWA Softis Soft Sens.4k.10x9gb</div>
            <div class="pack">
                <span class="ptitle"></span>
                <span class="price"> 0.35 €/gab</span>
            </div>
                    </div>
        <div class="infopop">
            <div class="in"><span></span>
                <div class="arrow_top"></div>
                <div class="arrow_bottom"></div>
            </div>
        </div>
    </div>
</div><div class="col-third offer-item">
    <div class="item bl_shadow product-237595 paldies-card  offer-2-l-sp-sku units-price        " data-product-id="237595" data-timeout="77" data-dates-interval="30.10.2025. - 29.04.2026." tabindex="0" role="button">
                                                    <div class="discount price with-unit-price ">
                                                                            <div class="paldies-card-icon with-unit-price">
                        <img src="/images/front/icons/paldies2-icon.png" alt="Paldies">
                    </div>
                                                                                                                                
                    <div class="t1 with-unit-price paldies-card">
            <span class="value">3</span>
            <span class="cents">49</span>
            <span class="eur">€</span>
            <span class="unit-price">72.71 €/gab</span>
        </div>
                    <div class="t2">
                <span class="value">5,09</span>
                <span class="eur">€</span>
            </div>
            <div class="t3 with-unit-price">
                <span class="value">5</span>
                <span class="cents">09</span>
                <span class="eur">€</span>
                <span class="unit-price">106.04 €/gab</span>            </div>
            
    <span class="vline"></span>
</div>                    		
        
        
        <div class="tags tags_primary bottom_icons">
                                                            
                                <div data-alt="Atlaide ar PALDIES karti" class="tag tag-soap-2 " style="background-image: url('/uploads/sale/atlaide-ar-paldies-karti-7358.png');                     ">
                </div>
                                                                            
                                <div data-alt="Prece pieejama MAXIMA XX veikalos" class="tag tag-soap-3 tag-shops" style="background-image: url('/uploads/sale/piedavajums-speka-maxima-xx-veikalos-6057.png');                     ">
                </div>
                                                                            
                                <div data-alt="Prece pieejama MAXIMA XXX veikalos" class="tag tag-soap-4 tag-shops" style="background-image: url('/uploads/sale/piedavajums-speka-maxima-xxx-veikalos-3117.png');                     ">
                </div>
                                                                            
                                <div data-alt="CENU LĪDERI" class="tag tag-soap-29 " style="background-image: url('/uploads/sale/cenu-lideri-6010.png');                     ">
                </div>
                            
                    </div>
        <div class="tags tags_primary info_icon">
            
    <div data-alt="Preču piedāvājums atšķirīgs Maxima veikalos, ar aktuālo akcijas preču piedāvājumu aicinām iepazīties uz vietas veikalā!" class="tag i"></div>

        </div>

        <div class="info-notice">
            


                                                                                                                                    </div>

        <div class="img">
          <img alt="Ikd.ieliktn.LADY ANION Pantiliner 48gab." src="/uploads/sale/2025/sales_page/10/31//ikd-ieliktn-lady-anion-pantiliner-48gab-00569-1031094025.png?1761896425">
        </div>
        <div class="text paldies-card      ">
            <div class="title">Ikd.ieliktn.LADY ANION Pantiliner 48gab.</div>
            <div class="pack">
                <span class="ptitle"></span>
                <span class="price"> 106.04 €/gab</span>
            </div>
                    </div>
        <div class="infopop">
            <div class="in"><span></span>
                <div class="arrow_top"></div>
                <div class="arrow_bottom"></div>
            </div>
        </div>
    </div>
</div><div class="col-third offer-item">
    <div class="item bl_shadow product-237419 paldies-card  offer-2-l-sp-sku units-price        " data-product-id="237419" data-timeout="77" data-dates-interval="16.03.2023. - 29.04.2026." tabindex="0" role="button">
                                                    <div class="discount price with-unit-price ">
                                                                            <div class="paldies-card-icon with-unit-price">
                        <img src="/images/front/icons/paldies2-icon.png" alt="Paldies">
                    </div>
                                                                                                                                
                    <div class="t1 with-unit-price paldies-card">
            <span class="value">1</span>
            <span class="cents">59</span>
            <span class="eur">€</span>
            <span class="unit-price">0.02 €/gab</span>
        </div>
                    <div class="t2">
                <span class="value">2,89</span>
                <span class="eur">€</span>
            </div>
            <div class="t3 with-unit-price">
                <span class="value">2</span>
                <span class="cents">89</span>
                <span class="eur">€</span>
                <span class="unit-price">0.04 €/gab</span>            </div>
            
    <span class="vline"></span>
</div>                    		
        
        
        <div class="tags tags_primary bottom_icons">
                                                            
                                <div data-alt="Atlaide ar PALDIES karti" class="tag tag-soap-2 " style="background-image: url('/uploads/sale/atlaide-ar-paldies-karti-7358.png');                     ">
                </div>
                                                                            
                                <div data-alt="Prece pieejama MAXIMA XX veikalos" class="tag tag-soap-3 tag-shops" style="background-image: url('/uploads/sale/piedavajums-speka-maxima-xx-veikalos-6057.png');                     ">
                </div>
                                                                            
                                <div data-alt="Prece pieejama MAXIMA XXX veikalos" class="tag tag-soap-4 tag-shops" style="background-image: url('/uploads/sale/piedavajums-speka-maxima-xxx-veikalos-3117.png');                     ">
                </div>
                                                                            
                                <div data-alt="CENU LĪDERI" class="tag tag-soap-29 " style="background-image: url('/uploads/sale/cenu-lideri-6010.png');                     ">
                </div>
                            
                    </div>
        <div class="tags tags_primary info_icon">
            
    <div data-alt="Preču piedāvājums atšķirīgs Maxima veikalos, ar aktuālo akcijas preču piedāvājumu aicinām iepazīties uz vietas veikalā!" class="tag i"></div>

        </div>

        <div class="info-notice">
            


                                                                                                                                    </div>

        <div class="img">
          <img alt="Kosm.salv.ZEWA Softis Soft Sens.4k.80gb." src="/uploads/sale/2025/sales_page/10/29//kosm-salv-zewa-softis-soft-sens-4k-80gb-00570-1029180528.png?1761753928">
        </div>
        <div class="text paldies-card      ">
            <div class="title">Kosm.salv.ZEWA Softis Soft Sens.4k.80gb.</div>
            <div class="pack">
                <span class="ptitle"></span>
                <span class="price"> 0.04 €/gab</span>
            </div>
                    </div>
        <div class="infopop">
            <div class="in"><span></span>
                <div class="arrow_top"></div>
                <div class="arrow_bottom"></div>
            </div>
        </div>
    </div>
</div><div class="col-third offer-item">
    <div class="item bl_shadow product-237402 paldies-card  offer-2-l-sp-sku units-price        " data-product-id="237402" data-timeout="77" data-dates-interval="30.07.2024. - 29.04.2026." tabindex="0" role="button">
                                                    <div class="discount price with-unit-price ">
                                                                            <div class="paldies-card-icon with-unit-price">
                        <img src="/images/front/icons/paldies2-icon.png" alt="Paldies">
                    </div>
                                                                
                    <div class="t1 with-unit-price paldies-card">
            <span class="value">7</span>
            <span class="cents">99</span>
            <span class="eur">€</span>
            <span class="unit-price">0.25 €/gab</span>
        </div>
                    <div class="t2">
                <span class="value">10,99</span>
                <span class="eur">€</span>
            </div>
            <div class="t3 with-unit-price">
                <span class="value">10</span>
                <span class="cents">99</span>
                <span class="eur">€</span>
                <span class="unit-price">0.34 €/gab</span>            </div>
            
    <span class="vline"></span>
</div>                    		
        
        
        <div class="tags tags_primary bottom_icons">
                                                            
                                <div data-alt="Atlaide ar PALDIES karti" class="tag tag-soap-2 " style="background-image: url('/uploads/sale/atlaide-ar-paldies-karti-7358.png');                     ">
                </div>
                                                                            
                                <div data-alt="CENU LĪDERI" class="tag tag-soap-29 " style="background-image: url('/uploads/sale/cenu-lideri-6010.png');                     ">
                </div>
                            
                    </div>
        <div class="tags tags_primary info_icon">
            
    <div data-alt="Preču piedāvājums atšķirīgs Maxima veikalos, ar aktuālo akcijas preču piedāvājumu aicinām iepazīties uz vietas veikalā!" class="tag i"></div>

        </div>

        <div class="info-notice">
            


                                                                            </div>

        <div class="img">
          <img alt="Veļ.mazg.kaps. MAYERI Sensitive 32m.r." src="/uploads/sale/2025/sales_page/10/29//vel-mazg-kaps-mayeri-sensitive-32m-r-00573-1029180536.png?1761753936">
        </div>
        <div class="text paldies-card      ">
            <div class="title">Veļ.mazg.kaps. MAYERI Sensitive 32m.r.</div>
            <div class="pack">
                <span class="ptitle"></span>
                <span class="price"> 0.34 €/gab</span>
            </div>
                    </div>
        <div class="infopop">
            <div class="in"><span></span>
                <div class="arrow_top"></div>
                <div class="arrow_bottom"></div>
            </div>
        </div>
    </div>
</div><div class="col-third offer-item">
    <div class="item bl_shadow product-237403 paldies-card  offer-2-l-sp-sku units-price        " data-product-id="237403" data-timeout="77" data-dates-interval="30.07.2024. - 29.04.2026." tabindex="0" role="button">
                                                    <div class="discount price with-unit-price ">
                                                                            <div class="paldies-card-icon with-unit-price">
                        <img src="/images/front/icons/paldies2-icon.png" alt="Paldies">
                    </div>
                                                                
                    <div class="t1 with-unit-price paldies-card">
            <span class="value">2</span>
            <span class="cents">39</span>
            <span class="eur">€</span>
            <span class="unit-price">5.49 €/l</span>
        </div>
                    <div class="t2">
                <span class="value">5,99</span>
                <span class="eur">€</span>
            </div>
            <div class="t3 with-unit-price">
                <span class="value">5</span>
                <span class="cents">99</span>
                <span class="eur">€</span>
                <span class="unit-price">13.77 €/l</span>            </div>
            
    <span class="vline"></span>
</div>                    		
        
        
        <div class="tags tags_primary bottom_icons">
                                                            
                                <div data-alt="Atlaide ar PALDIES karti" class="tag tag-soap-2 " style="background-image: url('/uploads/sale/atlaide-ar-paldies-karti-7358.png');                     ">
                </div>
                                                                            
                                <div data-alt="CENU LĪDERI" class="tag tag-soap-29 " style="background-image: url('/uploads/sale/cenu-lideri-6010.png');                     ">
                </div>
                            
                    </div>
        <div class="tags tags_primary info_icon">
            
    <div data-alt="Preču piedāvājums atšķirīgs Maxima veikalos, ar aktuālo akcijas preču piedāvājumu aicinām iepazīties uz vietas veikalā!" class="tag i"></div>

        </div>

        <div class="info-notice">
            


                                                                            </div>

        <div class="img">
          <img alt="Tīr. līdz. CIF kaļķakm.noņemš. 435ml" src="/uploads/sale/2025/sales_page/10/29//tir-lidz-cif-kalkakm-nonems-435ml-00574-1029180536.png?1761753936">
        </div>
        <div class="text paldies-card      ">
            <div class="title">Tīr. līdz. CIF kaļķakm.noņemš. 435ml</div>
            <div class="pack">
                <span class="ptitle"></span>
                <span class="price"> 13.77 €/l</span>
            </div>
                    </div>
        <div class="infopop">
            <div class="in"><span></span>
                <div class="arrow_top"></div>
                <div class="arrow_bottom"></div>
            </div>
        </div>
    </div>
</div><div class="col-third offer-item">
    <div class="item bl_shadow product-237404 paldies-card  offer-2-l-sp-sku units-price        " data-product-id="237404" data-timeout="77" data-dates-interval="30.07.2024. - 29.04.2026." tabindex="0" role="button">
                                                    <div class="discount price with-unit-price ">
                                                                            <div class="paldies-card-icon with-unit-price">
                        <img src="/images/front/icons/paldies2-icon.png" alt="Paldies">
                    </div>
                                                                
                    <div class="t1 with-unit-price paldies-card">
            <span class="value">2</span>
            <span class="cents">39</span>
            <span class="eur">€</span>
            <span class="unit-price">5.49 €/l</span>
        </div>
                    <div class="t2">
                <span class="value">5,99</span>
                <span class="eur">€</span>
            </div>
            <div class="t3 with-unit-price">
                <span class="value">5</span>
                <span class="cents">99</span>
                <span class="eur">€</span>
                <span class="unit-price">13.77 €/l</span>            </div>
            
    <span class="vline"></span>
</div>                    		
        
        
        <div class="tags tags_primary bottom_icons">
                                                            
                                <div data-alt="Atlaide ar PALDIES karti" class="tag tag-soap-2 " style="background-image: url('/uploads/sale/atlaide-ar-paldies-karti-7358.png');                     ">
                </div>
                                                                            
                                <div data-alt="CENU LĪDERI" class="tag tag-soap-29 " style="background-image: url('/uploads/sale/cenu-lideri-6010.png');                     ">
                </div>
                            
                    </div>
        <div class="tags tags_primary info_icon">
            
    <div data-alt="Preču piedāvājums atšķirīgs Maxima veikalos, ar aktuālo akcijas preču piedāvājumu aicinām iepazīties uz vietas veikalā!" class="tag i"></div>

        </div>

        <div class="info-notice">
            


                                                                            </div>

        <div class="img">
          <img alt="Tīr. līdz. pelējuma noņemš. CIF 435ml" src="/uploads/sale/2025/sales_page/10/29//tir-lidz-pelejuma-nonems-cif-435ml-00575-1029180536.png?1761753936">
        </div>
        <div class="text paldies-card      ">
            <div class="title">Tīr. līdz. pelējuma noņemš. CIF 435ml</div>
            <div class="pack">
                <span class="ptitle"></span>
                <span class="price"> 13.77 €/l</span>
            </div>
                    </div>
        <div class="infopop">
            <div class="in"><span></span>
                <div class="arrow_top"></div>
                <div class="arrow_bottom"></div>
            </div>
        </div>
    </div>
</div><div class="col-third offer-item">
    <div class="item bl_shadow product-237438 paldies-card  offer-2-l-sp-sku units-price        " data-product-id="237438" data-timeout="77" data-dates-interval="26.11.2024. - 29.04.2026." tabindex="0" role="button">
                                                    <div class="discount price with-unit-price ">
                                                                            <div class="paldies-card-icon with-unit-price">
                        <img src="/images/front/icons/paldies2-icon.png" alt="Paldies">
                    </div>
                                                                                                
                    <div class="t1 with-unit-price paldies-card">
            <span class="value">2</span>
            <span class="cents">79</span>
            <span class="eur">€</span>
            <span class="unit-price">55.80 €/l</span>
        </div>
                    <div class="t2">
                <span class="value">2,99</span>
                <span class="eur">€</span>
            </div>
            <div class="t3 with-unit-price">
                <span class="value">2</span>
                <span class="cents">99</span>
                <span class="eur">€</span>
                <span class="unit-price">59.80 €/l</span>            </div>
            
    <span class="vline"></span>
</div>                    		
        
        
        <div class="tags tags_primary bottom_icons">
                                                            
                                <div data-alt="Atlaide ar PALDIES karti" class="tag tag-soap-2 " style="background-image: url('/uploads/sale/atlaide-ar-paldies-karti-7358.png');                     ">
                </div>
                                                                            
                                <div data-alt="Prece pieejama MAXIMA XXX veikalos" class="tag tag-soap-4 tag-shops" style="background-image: url('/uploads/sale/piedavajums-speka-maxima-xxx-veikalos-3117.png');                     ">
                </div>
                                                                            
                                <div data-alt="CENU LĪDERI" class="tag tag-soap-29 " style="background-image: url('/uploads/sale/cenu-lideri-6010.png');                     ">
                </div>
                            
                    </div>
        <div class="tags tags_primary info_icon">
            
    <div data-alt="Preču piedāvājums atšķirīgs Maxima veikalos, ar aktuālo akcijas preču piedāvājumu aicinām iepazīties uz vietas veikalā!" class="tag i"></div>

        </div>

        <div class="info-notice">
            


                                                                                                        </div>

        <div class="img">
          <img alt="Dez.rul.NIVEA Black&amp;White Fresh sie.50ml" src="/uploads/sale/2025/sales_page/10/29//dez-rul-nivea-black-white-fresh-sie-50ml-00554-1029180528.png?1761753928">
        </div>
        <div class="text paldies-card      ">
            <div class="title">Dez.rul.NIVEA Black&amp;White Fresh sie.50ml</div>
            <div class="pack">
                <span class="ptitle"></span>
                <span class="price"> 59.80 €/l</span>
            </div>
                    </div>
        <div class="infopop">
            <div class="in"><span></span>
                <div class="arrow_top"></div>
                <div class="arrow_bottom"></div>
            </div>
        </div>
    </div>
</div><div class="col-third offer-item">
    <div class="item bl_shadow product-237439 paldies-card  offer-2-l-sp-sku units-price        " data-product-id="237439" data-timeout="77" data-dates-interval="16.03.2023. - 29.04.2026." tabindex="0" role="button">
                                                    <div class="discount price with-unit-price ">
                                                                            <div class="paldies-card-icon with-unit-price">
                        <img src="/images/front/icons/paldies2-icon.png" alt="Paldies">
                    </div>
                                                                
                    <div class="t1 with-unit-price paldies-card">
            <span class="value">2</span>
            <span class="cents">99</span>
            <span class="eur">€</span>
            <span class="unit-price">0.37 €/gab</span>
        </div>
                    <div class="t2">
                <span class="value">4,70</span>
                <span class="eur">€</span>
            </div>
            <div class="t3 with-unit-price">
                <span class="value">4</span>
                <span class="cents">70</span>
                <span class="eur">€</span>
                <span class="unit-price">0.59 €/gab</span>            </div>
            
    <span class="vline"></span>
</div>                    		
        
        
        <div class="tags tags_primary bottom_icons">
                                                            
                                <div data-alt="Atlaide ar PALDIES karti" class="tag tag-soap-2 " style="background-image: url('/uploads/sale/atlaide-ar-paldies-karti-7358.png');                     ">
                </div>
                                                                            
                                <div data-alt="CENU LĪDERI" class="tag tag-soap-29 " style="background-image: url('/uploads/sale/cenu-lideri-6010.png');                     ">
                </div>
                            
                    </div>
        <div class="tags tags_primary info_icon">
            
    <div data-alt="Preču piedāvājums atšķirīgs Maxima veikalos, ar aktuālo akcijas preču piedāvājumu aicinām iepazīties uz vietas veikalā!" class="tag i"></div>

        </div>

        <div class="info-notice">
            


                                                                            </div>

        <div class="img">
          <img alt="Tualetes papīrs GRITE Blossom 3k. 8r." src="/uploads/sale/2025/sales_page/10/29//tualetes-papirs-grite-blossom-3k-8r-00555-1029180528.png?1761753928">
        </div>
        <div class="text paldies-card      ">
            <div class="title">Tualetes papīrs GRITE Blossom 3k. 8r.</div>
            <div class="pack">
                <span class="ptitle"></span>
                <span class="price"> 0.59 €/gab</span>
            </div>
                    </div>
        <div class="infopop">
            <div class="in"><span></span>
                <div class="arrow_top"></div>
                <div class="arrow_bottom"></div>
            </div>
        </div>
    </div>
</div><div class="col-third offer-item">
    <div class="item bl_shadow product-237572 paldies-card  offer-2-l-sp-sku units-price        " data-product-id="237572" data-timeout="77" data-dates-interval="27.03.2025. - 29.04.2026." tabindex="0" role="button">
                                                    <div class="discount price with-unit-price ">
                                                                            <div class="paldies-card-icon with-unit-price">
                        <img src="/images/front/icons/paldies2-icon.png" alt="Paldies">
                    </div>
                                                                                                                                
                    <div class="t1 with-unit-price paldies-card">
            <span class="value">2</span>
            <span class="cents">79</span>
            <span class="eur">€</span>
            <span class="unit-price">18.60 €/l</span>
        </div>
                    <div class="t2">
                <span class="value">3,79</span>
                <span class="eur">€</span>
            </div>
            <div class="t3 with-unit-price">
                <span class="value">3</span>
                <span class="cents">79</span>
                <span class="eur">€</span>
                <span class="unit-price">25.27 €/l</span>            </div>
            
    <span class="vline"></span>
</div>                    		
        
        
        <div class="tags tags_primary bottom_icons">
                                                            
                                <div data-alt="Atlaide ar PALDIES karti" class="tag tag-soap-2 " style="background-image: url('/uploads/sale/atlaide-ar-paldies-karti-7358.png');                     ">
                </div>
                                                                            
                                <div data-alt="Prece pieejama MAXIMA XX veikalos" class="tag tag-soap-3 tag-shops" style="background-image: url('/uploads/sale/piedavajums-speka-maxima-xx-veikalos-6057.png');                     ">
                </div>
                                                                            
                                <div data-alt="Prece pieejama MAXIMA XXX veikalos" class="tag tag-soap-4 tag-shops" style="background-image: url('/uploads/sale/piedavajums-speka-maxima-xxx-veikalos-3117.png');                     ">
                </div>
                                                                            
                                <div data-alt="CENU LĪDERI" class="tag tag-soap-29 " style="background-image: url('/uploads/sale/cenu-lideri-6010.png');                     ">
                </div>
                            
                    </div>
        <div class="tags tags_primary info_icon">
            
    <div data-alt="Preču piedāvājums atšķirīgs Maxima veikalos, ar aktuālo akcijas preču piedāvājumu aicinām iepazīties uz vietas veikalā!" class="tag i"></div>

        </div>

        <div class="info-notice">
            


                                                                                                                                    </div>

        <div class="img">
          <img alt="Izsm.dez.NIVEA B&amp;W Fresh vīrieš.150ml" src="/uploads/sale/2025/sales_page/10/31//izsm-dez-nivea-b-w-fresh-viries-150ml-00556-0210093518.png?1770708918">
        </div>
        <div class="text paldies-card      ">
            <div class="title">Izsm.dez.NIVEA B&amp;W Fresh vīrieš.150ml</div>
            <div class="pack">
                <span class="ptitle"></span>
                <span class="price"> 25.27 €/l</span>
            </div>
                    </div>
        <div class="infopop">
            <div class="in"><span></span>
                <div class="arrow_top"></div>
                <div class="arrow_bottom"></div>
            </div>
        </div>
    </div>
</div><div class="col-third offer-item">
    <div class="item bl_shadow product-237441 paldies-card  offer-2-l-sp-sku units-price        " data-product-id="237441" data-timeout="77" data-dates-interval="30.07.2024. - 29.04.2026." tabindex="0" role="button">
                                                    <div class="discount price with-unit-price ">
                                                                            <div class="paldies-card-icon with-unit-price">
                        <img src="/images/front/icons/paldies2-icon.png" alt="Paldies">
                    </div>
                                                                
                    <div class="t1 with-unit-price paldies-card">
            <span class="value">1</span>
            <span class="cents">59</span>
            <span class="eur">€</span>
            <span class="unit-price">2.94 €/kg</span>
        </div>
                    <div class="t2">
                <span class="value">1,99</span>
                <span class="eur">€</span>
            </div>
            <div class="t3 with-unit-price">
                <span class="value">1</span>
                <span class="cents">99</span>
                <span class="eur">€</span>
                <span class="unit-price">3.69 €/kg</span>            </div>
            
    <span class="vline"></span>
</div>                    		
        
        
        <div class="tags tags_primary bottom_icons">
                                                            
                                <div data-alt="Atlaide ar PALDIES karti" class="tag tag-soap-2 " style="background-image: url('/uploads/sale/atlaide-ar-paldies-karti-7358.png');                     ">
                </div>
                                                                            
                                <div data-alt="CENU LĪDERI" class="tag tag-soap-29 " style="background-image: url('/uploads/sale/cenu-lideri-6010.png');                     ">
                </div>
                            
                    </div>
        <div class="tags tags_primary info_icon">
            
    <div data-alt="Preču piedāvājums atšķirīgs Maxima veikalos, ar aktuālo akcijas preču piedāvājumu aicinām iepazīties uz vietas veikalā!" class="tag i"></div>

        </div>

        <div class="info-notice">
            


                                                                            </div>

        <div class="img">
          <img alt="Attīr.krēms CIF Lemon ar mikrod. 540g" src="/uploads/sale/2025/sales_page/10/29//attir-krems-cif-lemon-ar-mikrod-540g-00558-0210095523.png?1770710123">
        </div>
        <div class="text paldies-card      ">
            <div class="title">Attīr.krēms CIF Lemon ar mikrod. 540g</div>
            <div class="pack">
                <span class="ptitle"></span>
                <span class="price"> 3.69 €/kg</span>
            </div>
                    </div>
        <div class="infopop">
            <div class="in"><span></span>
                <div class="arrow_top"></div>
                <div class="arrow_bottom"></div>
            </div>
        </div>
    </div>
</div><div class="col-third offer-item">
    <div class="item bl_shadow product-237412 paldies-card  offer-2-l-sp-sku units-price        " data-product-id="237412" data-timeout="77" data-dates-interval="16.03.2023. - 29.04.2026." tabindex="0" role="button">
                                                    <div class="discount price with-unit-price ">
                                                                            <div class="paldies-card-icon with-unit-price">
                        <img src="/images/front/icons/paldies2-icon.png" alt="Paldies">
                    </div>
                                                                                                
                    <div class="t1 with-unit-price paldies-card">
            <span class="value">5</span>
            <span class="cents">99</span>
            <span class="eur">€</span>
            <span class="unit-price">0.75 €/gab</span>
        </div>
                    <div class="t2">
                <span class="value">10,79</span>
                <span class="eur">€</span>
            </div>
            <div class="t3 with-unit-price">
                <span class="value">10</span>
                <span class="cents">79</span>
                <span class="eur">€</span>
                <span class="unit-price">1.35 €/gab</span>            </div>
            
    <span class="vline"></span>
</div>                    		
        
        
        <div class="tags tags_primary bottom_icons">
                                                            
                                <div data-alt="Atlaide ar PALDIES karti" class="tag tag-soap-2 " style="background-image: url('/uploads/sale/atlaide-ar-paldies-karti-7358.png');                     ">
                </div>
                                                                            
                                <div data-alt="Prece pieejama MAXIMA XXX veikalos" class="tag tag-soap-4 tag-shops" style="background-image: url('/uploads/sale/piedavajums-speka-maxima-xxx-veikalos-3117.png');                     ">
                </div>
                                                                            
                                <div data-alt="CENU LĪDERI" class="tag tag-soap-29 " style="background-image: url('/uploads/sale/cenu-lideri-6010.png');                     ">
                </div>
                            
                    </div>
        <div class="tags tags_primary info_icon">
            
    <div data-alt="Preču piedāvājums atšķirīgs Maxima veikalos, ar aktuālo akcijas preču piedāvājumu aicinām iepazīties uz vietas veikalā!" class="tag i"></div>

        </div>

        <div class="info-notice">
            


                                                                                                        </div>

        <div class="img">
          <img alt="Tual.papīrs ZEWA Exclusive Ultra..4k.8r." src="/uploads/sale/2025/sales_page/10/29//tual-papirs-zewa-exclusive-ultra-4k-8r-00559-1029180528.png?1761753928">
        </div>
        <div class="text paldies-card      ">
            <div class="title">Tual.papīrs ZEWA Exclusive Ultra..4k.8r.</div>
            <div class="pack">
                <span class="ptitle"></span>
                <span class="price"> 1.35 €/gab</span>
            </div>
                    </div>
        <div class="infopop">
            <div class="in"><span></span>
                <div class="arrow_top"></div>
                <div class="arrow_bottom"></div>
            </div>
        </div>
    </div>
</div><div class="col-third offer-item">
    <div class="item bl_shadow product-237413 paldies-card  offer-2-l-sp-sku units-price        " data-product-id="237413" data-timeout="77" data-dates-interval="30.07.2024. - 29.04.2026." tabindex="0" role="button">
                                                    <div class="discount price with-unit-price ">
                                                                            <div class="paldies-card-icon with-unit-price">
                        <img src="/images/front/icons/paldies2-icon.png" alt="Paldies">
                    </div>
                                                                                                                                
                    <div class="t1 with-unit-price paldies-card">
            <span class="value">4</span>
            <span class="cents">59</span>
            <span class="eur">€</span>
            <span class="unit-price">22.95 €/l</span>
        </div>
                    <div class="t2">
                <span class="value">6,69</span>
                <span class="eur">€</span>
            </div>
            <div class="t3 with-unit-price">
                <span class="value">6</span>
                <span class="cents">69</span>
                <span class="eur">€</span>
                <span class="unit-price">33.45 €/l</span>            </div>
            
    <span class="vline"></span>
</div>                    		
        
        
        <div class="tags tags_primary bottom_icons">
                                                            
                                <div data-alt="Atlaide ar PALDIES karti" class="tag tag-soap-2 " style="background-image: url('/uploads/sale/atlaide-ar-paldies-karti-7358.png');                     ">
                </div>
                                                                            
                                <div data-alt="Prece pieejama MAXIMA XX veikalos" class="tag tag-soap-3 tag-shops" style="background-image: url('/uploads/sale/piedavajums-speka-maxima-xx-veikalos-6057.png');                     ">
                </div>
                                                                            
                                <div data-alt="Prece pieejama MAXIMA XXX veikalos" class="tag tag-soap-4 tag-shops" style="background-image: url('/uploads/sale/piedavajums-speka-maxima-xxx-veikalos-3117.png');                     ">
                </div>
                                                                            
                                <div data-alt="CENU LĪDERI" class="tag tag-soap-29 " style="background-image: url('/uploads/sale/cenu-lideri-6010.png');                     ">
                </div>
                            
                    </div>
        <div class="tags tags_primary info_icon">
            
    <div data-alt="Preču piedāvājums atšķirīgs Maxima veikalos, ar aktuālo akcijas preču piedāvājumu aicinām iepazīties uz vietas veikalā!" class="tag i"></div>

        </div>

        <div class="info-notice">
            


                                                                                                                                    </div>

        <div class="img">
          <img alt="Traipu tīrīšanas līdz. VANISH Gold 200ml" src="/uploads/sale/2025/sales_page/10/29//traipu-tirisanas-lidz-vanish-gold-200ml-00560-1029180528.png?1761753928">
        </div>
        <div class="text paldies-card      ">
            <div class="title">Traipu tīrīšanas līdz. VANISH Gold 200ml</div>
            <div class="pack">
                <span class="ptitle"></span>
                <span class="price"> 33.45 €/l</span>
            </div>
                    </div>
        <div class="infopop">
            <div class="in"><span></span>
                <div class="arrow_top"></div>
                <div class="arrow_bottom"></div>
            </div>
        </div>
    </div>
</div><div class="col-third offer-item">
    <div class="item bl_shadow product-237554 paldies-card  offer-2-l-sp-sku units-price        " data-product-id="237554" data-timeout="77" data-dates-interval="30.10.2025. - 29.04.2026." tabindex="0" role="button">
                                                    <div class="discount price with-unit-price ">
                                                                            <div class="paldies-card-icon with-unit-price">
                        <img src="/images/front/icons/paldies2-icon.png" alt="Paldies">
                    </div>
                                                                
                    <div class="t1 with-unit-price paldies-card">
            <span class="value">3</span>
            <span class="cents">79</span>
            <span class="eur">€</span>
            <span class="unit-price">75.80 €/l</span>
        </div>
                    <div class="t2">
                <span class="value">6,29</span>
                <span class="eur">€</span>
            </div>
            <div class="t3 with-unit-price">
                <span class="value">6</span>
                <span class="cents">29</span>
                <span class="eur">€</span>
                <span class="unit-price">125.80 €/l</span>            </div>
            
    <span class="vline"></span>
</div>                    		
        
        
        <div class="tags tags_primary bottom_icons">
                                                            
                                <div data-alt="Atlaide ar PALDIES karti" class="tag tag-soap-2 " style="background-image: url('/uploads/sale/atlaide-ar-paldies-karti-7358.png');                     ">
                </div>
                                                                            
                                <div data-alt="CENU LĪDERI" class="tag tag-soap-29 " style="background-image: url('/uploads/sale/cenu-lideri-6010.png');                     ">
                </div>
                            
                    </div>
        <div class="tags tags_primary info_icon">
            
    <div data-alt="Preču piedāvājums atšķirīgs Maxima veikalos, ar aktuālo akcijas preču piedāvājumu aicinām iepazīties uz vietas veikalā!" class="tag i"></div>

        </div>

        <div class="info-notice">
            


                                                                            </div>

        <div class="img">
          <img alt="Sejas krēms GARNIER ar rožūdeni 50ml" src="/uploads/sale/2025/sales_page/10/30//sejas-krems-garnier-ar-rozudeni-50ml-00565-1030133024.png?1761823824">
        </div>
        <div class="text paldies-card      ">
            <div class="title">Sejas krēms GARNIER ar rožūdeni 50ml</div>
            <div class="pack">
                <span class="ptitle"></span>
                <span class="price"> 125.80 €/l</span>
            </div>
                    </div>
        <div class="infopop">
            <div class="in"><span></span>
                <div class="arrow_top"></div>
                <div class="arrow_bottom"></div>
            </div>
        </div>
    </div>
</div><div class="col-third offer-item">
    <div class="item bl_shadow product-237416 paldies-card  offer-2-l-sp-sku units-price        " data-product-id="237416" data-timeout="77" data-dates-interval="30.07.2024. - 29.04.2026." tabindex="0" role="button">
                                                    <div class="discount price with-unit-price ">
                                                                            <div class="paldies-card-icon with-unit-price">
                        <img src="/images/front/icons/paldies2-icon.png" alt="Paldies">
                    </div>
                                                                                                                                                                
                    <div class="t1 with-unit-price paldies-card">
            <span class="value">3</span>
            <span class="cents">19</span>
            <span class="eur">€</span>
            <span class="unit-price">4.56 €/l</span>
        </div>
                    <div class="t2">
                <span class="value">4,99</span>
                <span class="eur">€</span>
            </div>
            <div class="t3 with-unit-price">
                <span class="value">4</span>
                <span class="cents">99</span>
                <span class="eur">€</span>
                <span class="unit-price">7.13 €/l</span>            </div>
            
    <span class="vline"></span>
</div>                    		
        
        
        <div class="tags tags_primary bottom_icons">
                                                            
                                <div data-alt="Atlaide ar PALDIES karti" class="tag tag-soap-2 " style="background-image: url('/uploads/sale/atlaide-ar-paldies-karti-7358.png');                     ">
                </div>
                                                                            
                                <div data-alt="Prece pieejama MAXIMA XX veikalos" class="tag tag-soap-3 tag-shops" style="background-image: url('/uploads/sale/piedavajums-speka-maxima-xx-veikalos-6057.png');                     ">
                </div>
                                                                            
                                <div data-alt="Prece pieejama MAXIMA XXX veikalos" class="tag tag-soap-4 tag-shops" style="background-image: url('/uploads/sale/piedavajums-speka-maxima-xxx-veikalos-3117.png');                     ">
                </div>
                                                                            
                                <div data-alt="Latvijas produkts" class="tag tag-soap-6 " style="background-image: url('/uploads/sale/latvijas-produkts-3559.png');                     ">
                </div>
                                                                            
                                <div data-alt="CENU LĪDERI" class="tag tag-soap-29 " style="background-image: url('/uploads/sale/cenu-lideri-6010.png');                     ">
                </div>
                            
                    </div>
        <div class="tags tags_primary info_icon">
            
    <div data-alt="Preču piedāvājums atšķirīgs Maxima veikalos, ar aktuālo akcijas preču piedāvājumu aicinām iepazīties uz vietas veikalā!" class="tag i"></div>

        </div>

        <div class="info-notice">
            


                                                                                                                                                                </div>

        <div class="img">
          <img alt="Tīr.līdz. KVADRO kaļķ. rūsas noņ. 700ml" src="/uploads/sale/2025/sales_page/10/29//tir-lidz-kvadro-kalk-rusas-non-700ml-00566-1029180528.png?1761753928">
        </div>
        <div class="text paldies-card      ">
            <div class="title">Tīr.līdz. KVADRO kaļķ. rūsas noņ. 700ml</div>
            <div class="pack">
                <span class="ptitle"></span>
                <span class="price"> 7.13 €/l</span>
            </div>
                    </div>
        <div class="infopop">
            <div class="in"><span></span>
                <div class="arrow_top"></div>
                <div class="arrow_bottom"></div>
            </div>
        </div>
    </div>
</div><div class="col-third offer-item">
    <div class="item bl_shadow product-237417 paldies-card  offer-2-l-sp-sku units-price        " data-product-id="237417" data-timeout="77" data-dates-interval="30.07.2024. - 29.04.2026." tabindex="0" role="button">
                                                    <div class="discount price with-unit-price ">
                                                                            <div class="paldies-card-icon with-unit-price">
                        <img src="/images/front/icons/paldies2-icon.png" alt="Paldies">
                    </div>
                                                                                                
                    <div class="t1 with-unit-price paldies-card">
            <span class="value">3</span>
            <span class="cents">59</span>
            <span class="eur">€</span>
            <span class="unit-price">5.13 €/l</span>
        </div>
                    <div class="t2">
                <span class="value">5,45</span>
                <span class="eur">€</span>
            </div>
            <div class="t3 with-unit-price">
                <span class="value">5</span>
                <span class="cents">45</span>
                <span class="eur">€</span>
                <span class="unit-price">7.79 €/l</span>            </div>
            
    <span class="vline"></span>
</div>                    		
        
        
        <div class="tags tags_primary bottom_icons">
                                                            
                                <div data-alt="Atlaide ar PALDIES karti" class="tag tag-soap-2 " style="background-image: url('/uploads/sale/atlaide-ar-paldies-karti-7358.png');                     ">
                </div>
                                                                            
                                <div data-alt="Latvijas produkts" class="tag tag-soap-6 " style="background-image: url('/uploads/sale/latvijas-produkts-3559.png');                     ">
                </div>
                                                                            
                                <div data-alt="CENU LĪDERI" class="tag tag-soap-29 " style="background-image: url('/uploads/sale/cenu-lideri-6010.png');                     ">
                </div>
                            
                    </div>
        <div class="tags tags_primary info_icon">
            
    <div data-alt="Preču piedāvājums atšķirīgs Maxima veikalos, ar aktuālo akcijas preču piedāvājumu aicinām iepazīties uz vietas veikalā!" class="tag i"></div>

        </div>

        <div class="info-notice">
            


                                                                                                        </div>

        <div class="img">
          <img alt="Tīr.līdz.cepeškr.grila&amp;plīt.KVADRO 700ml" src="/uploads/sale/2025/sales_page/10/29//tir-lidz-cepeskr-grila-plit-kvadro-700ml-00567-1029180127.png?1761753687">
        </div>
        <div class="text paldies-card      ">
            <div class="title">Tīr.līdz.cepeškr.grila&amp;plīt.KVADRO 700ml</div>
            <div class="pack">
                <span class="ptitle"></span>
                <span class="price"> 7.79 €/l</span>
            </div>
                    </div>
        <div class="infopop">
            <div class="in"><span></span>
                <div class="arrow_top"></div>
                <div class="arrow_bottom"></div>
            </div>
        </div>
    </div>
</div><div class="col-third offer-item">
    <div class="item bl_shadow product-237418 paldies-card  offer-2-l-sp-sku units-price        " data-product-id="237418" data-timeout="77" data-dates-interval="01.08.2024. - 29.04.2026." tabindex="0" role="button">
                                                    <div class="discount price with-unit-price ">
                                                                            <div class="paldies-card-icon with-unit-price">
                        <img src="/images/front/icons/paldies2-icon.png" alt="Paldies">
                    </div>
                                                                                                                                
                    <div class="t1 with-unit-price paldies-card">
            <span class="value">2</span>
            <span class="cents">29</span>
            <span class="eur">€</span>
            <span class="unit-price">0.23 €/gab</span>
        </div>
                    <div class="t2">
                <span class="value">3,49</span>
                <span class="eur">€</span>
            </div>
            <div class="t3 with-unit-price">
                <span class="value">3</span>
                <span class="cents">49</span>
                <span class="eur">€</span>
                <span class="unit-price">0.35 €/gab</span>            </div>
            
    <span class="vline"></span>
</div>                    		
        
        
        <div class="tags tags_primary bottom_icons">
                                                            
                                <div data-alt="Atlaide ar PALDIES karti" class="tag tag-soap-2 " style="background-image: url('/uploads/sale/atlaide-ar-paldies-karti-7358.png');                     ">
                </div>
                                                                            
                                <div data-alt="Prece pieejama MAXIMA XX veikalos" class="tag tag-soap-3 tag-shops" style="background-image: url('/uploads/sale/piedavajums-speka-maxima-xx-veikalos-6057.png');                     ">
                </div>
                                                                            
                                <div data-alt="Prece pieejama MAXIMA XXX veikalos" class="tag tag-soap-4 tag-shops" style="background-image: url('/uploads/sale/piedavajums-speka-maxima-xxx-veikalos-3117.png');                     ">
                </div>
                                                                            
                                <div data-alt="CENU LĪDERI" class="tag tag-soap-29 " style="background-image: url('/uploads/sale/cenu-lideri-6010.png');                     ">
                </div>
                            
                    </div>
        <div class="tags tags_primary info_icon">
            
    <div data-alt="Preču piedāvājums atšķirīgs Maxima veikalos, ar aktuālo akcijas preču piedāvājumu aicinām iepazīties uz vietas veikalā!" class="tag i"></div>

        </div>

        <div class="info-notice">
            


                                                                                                                                    </div>

        <div class="img">
          <img alt="Kabatlak.ZEWA Softis Soft Sens.4k.10x9gb" src="/uploads/sale/2025/sales_page/10/29//kabatlak-zewa-softis-soft-sens-4k-10x9gb-00568-1029180127.png?1761753687">
        </div>
        <div class="text paldies-card      ">
            <div class="title">Kabatlak.ZEWA Softis Soft Sens.4k.10x9gb</div>
            <div class="pack">
                <span class="ptitle"></span>
                <span class="price"> 0.35 €/gab</span>
            </div>
                    </div>
        <div class="infopop">
            <div class="in"><span></span>
                <div class="arrow_top"></div>
                <div class="arrow_bottom"></div>
            </div>
        </div>
    </div>
</div><div class="col-third offer-item">
    <div class="item bl_shadow product-237595 paldies-card  offer-2-l-sp-sku units-price        " data-product-id="237595" data-timeout="77" data-dates-interval="30.10.2025. - 29.04.2026." tabindex="0" role="button">
                                                    <div class="discount price with-unit-price ">
                                                                            <div class="paldies-card-icon with-unit-price">
                        <img src="/images/front/icons/paldies2-icon.png" alt="Paldies">
                    </div>
                                                                                                                                
                    <div class="t1 with-unit-price paldies-card">
            <span class="value">3</span>
            <span class="cents">49</span>
            <span class="eur">€</span>
            <span class="unit-price">72.71 €/gab</span>
        </div>
                    <div class="t2">
                <span class="value">5,09</span>
                <span class="eur">€</span>
            </div>
            <div class="t3 with-unit-price">
                <span class="value">5</span>
                <span class="cents">09</span>
                <span class="eur">€</span>
                <span class="unit-price">106.04 €/gab</span>            </div>
            
    <span class="vline"></span>
</div>                    		
        
        
        <div class="tags tags_primary bottom_icons">
                                                            
                                <div data-alt="Atlaide ar PALDIES karti" class="tag tag-soap-2 " style="background-image: url('/uploads/sale/atlaide-ar-paldies-karti-7358.png');                     ">
                </div>
                                                                            
                                <div data-alt="Prece pieejama MAXIMA XX veikalos" class="tag tag-soap-3 tag-shops" style="background-image: url('/uploads/sale/piedavajums-speka-maxima-xx-veikalos-6057.png');                     ">
                </div>
                                                                            
                                <div data-alt="Prece pieejama MAXIMA XXX veikalos" class="tag tag-soap-4 tag-shops" style="background-image: url('/uploads/sale/piedavajums-speka-maxima-xxx-veikalos-3117.png');                     ">
                </div>
                                                                            
                                <div data-alt="CENU LĪDERI" class="tag tag-soap-29 " style="background-image: url('/uploads/sale/cenu-lideri-6010.png');                     ">
                </div>
                            
                    </div>
        <div class="tags tags_primary info_icon">
            
    <div data-alt="Preču piedāvājums atšķirīgs Maxima veikalos, ar aktuālo akcijas preču piedāvājumu aicinām iepazīties uz vietas veikalā!" class="tag i"></div>

        </div>

        <div class="info-notice">
            


                                                                                                                                    </div>

        <div class="img">
          <img alt="Ikd.ieliktn.LADY ANION Pantiliner 48gab." src="/uploads/sale/2025/sales_page/10/31//ikd-ieliktn-lady-anion-pantiliner-48gab-00569-1031094025.png?1761896425">
        </div>
        <div class="text paldies-card      ">
            <div class="title">Ikd.ieliktn.LADY ANION Pantiliner 48gab.</div>
            <div class="pack">
                <span class="ptitle"></span>
                <span class="price"> 106.04 €/gab</span>
            </div>
                    </div>
        <div class="infopop">
            <div class="in"><span></span>
                <div class="arrow_top"></div>
                <div class="arrow_bottom"></div>
            </div>
        </div>
    </div>
</div><div class="col-third offer-item">
    <div class="item bl_shadow product-237419 paldies-card  offer-2-l-sp-sku units-price        " data-product-id="237419" data-timeout="77" data-dates-interval="16.03.2023. - 29.04.2026." tabindex="0" role="button">
                                                    <div class="discount price with-unit-price ">
                                                                            <div class="paldies-card-icon with-unit-price">
                        <img src="/images/front/icons/paldies2-icon.png" alt="Paldies">
                    </div>
                                                                                                                                
                    <div class="t1 with-unit-price paldies-card">
            <span class="value">1</span>
            <span class="cents">59</span>
            <span class="eur">€</span>
            <span class="unit-price">0.02 €/gab</span>
        </div>
                    <div class="t2">
                <span class="value">2,89</span>
                <span class="eur">€</span>
            </div>
            <div class="t3 with-unit-price">
                <span class="value">2</span>
                <span class="cents">89</span>
                <span class="eur">€</span>
                <span class="unit-price">0.04 €/gab</span>            </div>
            
    <span class="vline"></span>
</div>                    		
        
        
        <div class="tags tags_primary bottom_icons">
                                                            
                                <div data-alt="Atlaide ar PALDIES karti" class="tag tag-soap-2 " style="background-image: url('/uploads/sale/atlaide-ar-paldies-karti-7358.png');                     ">
                </div>
                                                                            
                                <div data-alt="Prece pieejama MAXIMA XX veikalos" class="tag tag-soap-3 tag-shops" style="background-image: url('/uploads/sale/piedavajums-speka-maxima-xx-veikalos-6057.png');                     ">
                </div>
                                                                            
                                <div data-alt="Prece pieejama MAXIMA XXX veikalos" class="tag tag-soap-4 tag-shops" style="background-image: url('/uploads/sale/piedavajums-speka-maxima-xxx-veikalos-3117.png');                     ">
                </div>
                                                                            
                                <div data-alt="CENU LĪDERI" class="tag tag-soap-29 " style="background-image: url('/uploads/sale/cenu-lideri-6010.png');                     ">
                </div>
                            
                    </div>
        <div class="tags tags_primary info_icon">
            
    <div data-alt="Preču piedāvājums atšķirīgs Maxima veikalos, ar aktuālo akcijas preču piedāvājumu aicinām iepazīties uz vietas veikalā!" class="tag i"></div>

        </div>

        <div class="info-notice">
            


                                                                                                                                    </div>

        <div class="img">
          <img alt="Kosm.salv.ZEWA Softis Soft Sens.4k.80gb." src="/uploads/sale/2025/sales_page/10/29//kosm-salv-zewa-softis-soft-sens-4k-80gb-00570-1029180528.png?1761753928">
        </div>
        <div class="text paldies-card      ">
            <div class="title">Kosm.salv.ZEWA Softis Soft Sens.4k.80gb.</div>
            <div class="pack">
                <span class="ptitle"></span>
                <span class="price"> 0.04 €/gab</span>
            </div>
                    </div>
        <div class="infopop">
            <div class="in"><span></span>
                <div class="arrow_top"></div>
                <div class="arrow_bottom"></div>
            </div>
        </div>
    </div>
</div><div class="col-third offer-item">
    <div class="item bl_shadow product-237402 paldies-card  offer-2-l-sp-sku units-price        " data-product-id="237402" data-timeout="77" data-dates-interval="30.07.2024. - 29.04.2026." tabindex="0" role="button">
                                                    <div class="discount price with-unit-price ">
                                                                            <div class="paldies-card-icon with-unit-price">
                        <img src="/images/front/icons/paldies2-icon.png" alt="Paldies">
                    </div>
                                                                
                    <div class="t1 with-unit-price paldies-card">
            <span class="value">7</span>
            <span class="cents">99</span>
            <span class="eur">€</span>
            <span class="unit-price">0.25 €/gab</span>
        </div>
                    <div class="t2">
                <span class="value">10,99</span>
                <span class="eur">€</span>
            </div>
            <div class="t3 with-unit-price">
                <span class="value">10</span>
                <span class="cents">99</span>
                <span class="eur">€</span>
                <span class="unit-price">0.34 €/gab</span>            </div>
            
    <span class="vline"></span>
</div>                    		
        
        
        <div class="tags tags_primary bottom_icons">
                                                            
                                <div data-alt="Atlaide ar PALDIES karti" class="tag tag-soap-2 " style="background-image: url('/uploads/sale/atlaide-ar-paldies-karti-7358.png');                     ">
                </div>
                                                                            
                                <div data-alt="CENU LĪDERI" class="tag tag-soap-29 " style="background-image: url('/uploads/sale/cenu-lideri-6010.png');                     ">
                </div>
                            
                    </div>
        <div class="tags tags_primary info_icon">
            
    <div data-alt="Preču piedāvājums atšķirīgs Maxima veikalos, ar aktuālo akcijas preču piedāvājumu aicinām iepazīties uz vietas veikalā!" class="tag i"></div>

        </div>

        <div class="info-notice">
            


                                                                            </div>

        <div class="img">
          <img alt="Veļ.mazg.kaps. MAYERI Sensitive 32m.r." src="/uploads/sale/2025/sales_page/10/29//vel-mazg-kaps-mayeri-sensitive-32m-r-00573-1029180536.png?1761753936">
        </div>
        <div class="text paldies-card      ">
            <div class="title">Veļ.mazg.kaps. MAYERI Sensitive 32m.r.</div>
            <div class="pack">
                <span class="ptitle"></span>
                <span class="price"> 0.34 €/gab</span>
            </div>
                    </div>
        <div class="infopop">
            <div class="in"><span></span>
                <div class="arrow_top"></div>
                <div class="arrow_bottom"></div>
            </div>
        </div>
    </div>
</div><div class="col-third offer-item">
    <div class="item bl_shadow product-237403 paldies-card  offer-2-l-sp-sku units-price        " data-product-id="237403" data-timeout="77" data-dates-interval="30.07.2024. - 29.04.2026." tabindex="0" role="button">
                                                    <div class="discount price with-unit-price ">
                                                                            <div class="paldies-card-icon with-unit-price">
                        <img src="/images/front/icons/paldies2-icon.png" alt="Paldies">
                    </div>
                                                                
                    <div class="t1 with-unit-price paldies-card">
            <span class="value">2</span>
            <span class="cents">39</span>
            <span class="eur">€</span>
            <span class="unit-price">5.49 €/l</span>
        </div>
                    <div class="t2">
                <span class="value">5,99</span>
                <span class="eur">€</span>
            </div>
            <div class="t3 with-unit-price">
                <span class="value">5</span>
                <span class="cents">99</span>
                <span class="eur">€</span>
                <span class="unit-price">13.77 €/l</span>            </div>
            
    <span class="vline"></span>
</div>                    		
        
        
        <div class="tags tags_primary bottom_icons">
                                                            
                                <div data-alt="Atlaide ar PALDIES karti" class="tag tag-soap-2 " style="background-image: url('/uploads/sale/atlaide-ar-paldies-karti-7358.png');                     ">
                </div>
                                                                            
                                <div data-alt="CENU LĪDERI" class="tag tag-soap-29 " style="background-image: url('/uploads/sale/cenu-lideri-6010.png');                     ">
                </div>
                            
                    </div>
        <div class="tags tags_primary info_icon">
            
    <div data-alt="Preču piedāvājums atšķirīgs Maxima veikalos, ar aktuālo akcijas preču piedāvājumu aicinām iepazīties uz vietas veikalā!" class="tag i"></div>

        </div>

        <div class="info-notice">
            


                                                                            </div>

        <div class="img">
          <img alt="Tīr. līdz. CIF kaļķakm.noņemš. 435ml" src="/uploads/sale/2025/sales_page/10/29//tir-lidz-cif-kalkakm-nonems-435ml-00574-1029180536.png?1761753936">
        </div>
        <div class="text paldies-card      ">
            <div class="title">Tīr. līdz. CIF kaļķakm.noņemš. 435ml</div>
            <div class="pack">
                <span class="ptitle"></span>
                <span class="price"> 13.77 €/l</span>
            </div>
                    </div>
        <div class="infopop">
            <div class="in"><span></span>
                <div class="arrow_top"></div>
                <div class="arrow_bottom"></div>
            </div>
        </div>
    </div>
</div><div class="col-third offer-item">
    <div class="item bl_shadow product-237404 paldies-card  offer-2-l-sp-sku units-price        " data-product-id="237404" data-timeout="77" data-dates-interval="30.07.2024. - 29.04.2026." tabindex="0" role="button">
                                                    <div class="discount price with-unit-price ">
                                                                            <div class="paldies-card-icon with-unit-price">
                        <img src="/images/front/icons/paldies2-icon.png" alt="Paldies">
                    </div>
                                                                
                    <div class="t1 with-unit-price paldies-card">
            <span class="value">2</span>
            <span class="cents">39</span>
            <span class="eur">€</span>
            <span class="unit-price">5.49 €/l</span>
        </div>
                    <div class="t2">
                <span class="value">5,99</span>
                <span class="eur">€</span>
            </div>
            <div class="t3 with-unit-price">
                <span class="value">5</span>
                <span class="cents">99</span>
                <span class="eur">€</span>
                <span class="unit-price">13.77 €/l</span>            </div>
            
    <span class="vline"></span>
</div>                    		
        
        
        <div class="tags tags_primary bottom_icons">
                                                            
                                <div data-alt="Atlaide ar PALDIES karti" class="tag tag-soap-2 " style="background-image: url('/uploads/sale/atlaide-ar-paldies-karti-7358.png');                     ">
                </div>
                                                                            
                                <div data-alt="CENU LĪDERI" class="tag tag-soap-29 " style="background-image: url('/uploads/sale/cenu-lideri-6010.png');                     ">
                </div>
                            
                    </div>
        <div class="tags tags_primary info_icon">
            
    <div data-alt="Preču piedāvājums atšķirīgs Maxima veikalos, ar aktuālo akcijas preču piedāvājumu aicinām iepazīties uz vietas veikalā!" class="tag i"></div>

        </div>

        <div class="info-notice">
            


                                                                            </div>

        <div class="img">
          <img alt="Tīr. līdz. pelējuma noņemš. CIF 435ml" src="/uploads/sale/2025/sales_page/10/29//tir-lidz-pelejuma-nonems-cif-435ml-00575-1029180536.png?1761753936">
        </div>
        <div class="text paldies-card      ">
            <div class="title">Tīr. līdz. pelējuma noņemš. CIF 435ml</div>
            <div class="pack">
                <span class="ptitle"></span>
                <span class="price"> 13.77 €/l</span>
            </div>
                    </div>
        <div class="infopop">
            <div class="in"><span></span>
                <div class="arrow_top"></div>
                <div class="arrow_bottom"></div>
            </div>
        </div>
    </div>
</div><div class="col-third offer-item">
    <div class="item bl_shadow product-237438 paldies-card  offer-2-l-sp-sku units-price        " data-product-id="237438" data-timeout="77" data-dates-interval="26.11.2024. - 29.04.2026." tabindex="0" role="button">
                                                    <div class="discount price with-unit-price ">
                                                                            <div class="paldies-card-icon with-unit-price">
                        <img src="/images/front/icons/paldies2-icon.png" alt="Paldies">
                    </div>
                                                                                                
                    <div class="t1 with-unit-price paldies-card">
            <span class="value">2</span>
            <span class="cents">79</span>
            <span class="eur">€</span>
            <span class="unit-price">55.80 €/l</span>
        </div>
                    <div class="t2">
                <span class="value">2,99</span>
                <span class="eur">€</span>
            </div>
            <div class="t3 with-unit-price">
                <span class="value">2</span>
                <span class="cents">99</span>
                <span class="eur">€</span>
                <span class="unit-price">59.80 €/l</span>            </div>
            
    <span class="vline"></span>
</div>                    		
        
        
        <div class="tags tags_primary bottom_icons">
                                                            
                                <div data-alt="Atlaide ar PALDIES karti" class="tag tag-soap-2 " style="background-image: url('/uploads/sale/atlaide-ar-paldies-karti-7358.png');                     ">
                </div>
                                                                            
                                <div data-alt="Prece pieejama MAXIMA XXX veikalos" class="tag tag-soap-4 tag-shops" style="background-image: url('/uploads/sale/piedavajums-speka-maxima-xxx-veikalos-3117.png');                     ">
                </div>
                                                                            
                                <div data-alt="CENU LĪDERI" class="tag tag-soap-29 " style="background-image: url('/uploads/sale/cenu-lideri-6010.png');                     ">
                </div>
                            
                    </div>
        <div class="tags tags_primary info_icon">
            
    <div data-alt="Preču piedāvājums atšķirīgs Maxima veikalos, ar aktuālo akcijas preču piedāvājumu aicinām iepazīties uz vietas veikalā!" class="tag i"></div>

        </div>

        <div class="info-notice">
            


                                                                                                        </div>

        <div class="img">
          <img alt="Dez.rul.NIVEA Black&amp;White Fresh sie.50ml" src="/uploads/sale/2025/sales_page/10/29//dez-rul-nivea-black-white-fresh-sie-50ml-00554-1029180528.png?1761753928">
        </div>
        <div class="text paldies-card      ">
            <div class="title">Dez.rul.NIVEA Black&amp;White Fresh sie.50ml</div>
            <div class="pack">
                <span class="ptitle"></span>
                <span class="price"> 59.80 €/l</span>
            </div>
                    </div>
        <div class="infopop">
            <div class="in"><span></span>
                <div class="arrow_top"></div>
                <div class="arrow_bottom"></div>
            </div>
        </div>
    </div>
</div><div class="col-third offer-item">
    <div class="item bl_shadow product-237439 paldies-card  offer-2-l-sp-sku units-price        " data-product-id="237439" data-timeout="77" data-dates-interval="16.03.2023. - 29.04.2026." tabindex="0" role="button">
                                                    <div class="discount price with-unit-price ">
                                                                            <div class="paldies-card-icon with-unit-price">
                        <img src="/images/front/icons/paldies2-icon.png" alt="Paldies">
                    </div>
                                                                
                    <div class="t1 with-unit-price paldies-card">
            <span class="value">2</span>
            <span class="cents">99</span>
            <span class="eur">€</span>
            <span class="unit-price">0.37 €/gab</span>
        </div>
                    <div class="t2">
                <span class="value">4,70</span>
                <span class="eur">€</span>
            </div>
            <div class="t3 with-unit-price">
                <span class="value">4</span>
                <span class="cents">70</span>
                <span class="eur">€</span>
                <span class="unit-price">0.59 €/gab</span>            </div>
            
    <span class="vline"></span>
</div>                    		
        
        
        <div class="tags tags_primary bottom_icons">
                                                            
                                <div data-alt="Atlaide ar PALDIES karti" class="tag tag-soap-2 " style="background-image: url('/uploads/sale/atlaide-ar-paldies-karti-7358.png');                     ">
                </div>
                                                                            
                                <div data-alt="CENU LĪDERI" class="tag tag-soap-29 " style="background-image: url('/uploads/sale/cenu-lideri-6010.png');                     ">
                </div>
                            
                    </div>
        <div class="tags tags_primary info_icon">
            
    <div data-alt="Preču piedāvājums atšķirīgs Maxima veikalos, ar aktuālo akcijas preču piedāvājumu aicinām iepazīties uz vietas veikalā!" class="tag i"></div>

        </div>

        <div class="info-notice">
            


                                                                            </div>

        <div class="img">
          <img alt="Tualetes papīrs GRITE Blossom 3k. 8r." src="/uploads/sale/2025/sales_page/10/29//tualetes-papirs-grite-blossom-3k-8r-00555-1029180528.png?1761753928">
        </div>
        <div class="text paldies-card      ">
            <div class="title">Tualetes papīrs GRITE Blossom 3k. 8r.</div>
            <div class="pack">
                <span class="ptitle"></span>
                <span class="price"> 0.59 €/gab</span>
            </div>
                    </div>
        <div class="infopop">
            <div class="in"><span></span>
                <div class="arrow_top"></div>
                <div class="arrow_bottom"></div>
            </div>
        </div>
    </div>
</div><div class="col-third offer-item">
    <div class="item bl_shadow product-237572 paldies-card  offer-2-l-sp-sku units-price        " data-product-id="237572" data-timeout="77" data-dates-interval="27.03.2025. - 29.04.2026." tabindex="0" role="button">
                                                    <div class="discount price with-unit-price ">
                                                                            <div class="paldies-card-icon with-unit-price">
                        <img src="/images/front/icons/paldies2-icon.png" alt="Paldies">
                    </div>
                                                                                                                                
                    <div class="t1 with-unit-price paldies-card">
            <span class="value">2</span>
            <span class="cents">79</span>
            <span class="eur">€</span>
            <span class="unit-price">18.60 €/l</span>
        </div>
                    <div class="t2">
                <span class="value">3,79</span>
                <span class="eur">€</span>
            </div>
            <div class="t3 with-unit-price">
                <span class="value">3</span>
                <span class="cents">79</span>
                <span class="eur">€</span>
                <span class="unit-price">25.27 €/l</span>            </div>
            
    <span class="vline"></span>
</div>                    		
        
        
        <div class="tags tags_primary bottom_icons">
                                                            
                                <div data-alt="Atlaide ar PALDIES karti" class="tag tag-soap-2 " style="background-image: url('/uploads/sale/atlaide-ar-paldies-karti-7358.png');                     ">
                </div>
                                                                            
                                <div data-alt="Prece pieejama MAXIMA XX veikalos" class="tag tag-soap-3 tag-shops" style="background-image: url('/uploads/sale/piedavajums-speka-maxima-xx-veikalos-6057.png');                     ">
                </div>
                                                                            
                                <div data-alt="Prece pieejama MAXIMA XXX veikalos" class="tag tag-soap-4 tag-shops" style="background-image: url('/uploads/sale/piedavajums-speka-maxima-xxx-veikalos-3117.png');                     ">
                </div>
                                                                            
                                <div data-alt="CENU LĪDERI" class="tag tag-soap-29 " style="background-image: url('/uploads/sale/cenu-lideri-6010.png');                     ">
                </div>
                            
                    </div>
        <div class="tags tags_primary info_icon">
            
    <div data-alt="Preču piedāvājums atšķirīgs Maxima veikalos, ar aktuālo akcijas preču piedāvājumu aicinām iepazīties uz vietas veikalā!" class="tag i"></div>

        </div>

        <div class="info-notice">
            


                                                                                                                                    </div>

        <div class="img">
          <img alt="Izsm.dez.NIVEA B&amp;W Fresh vīrieš.150ml" src="/uploads/sale/2025/sales_page/10/31//izsm-dez-nivea-b-w-fresh-viries-150ml-00556-0210093518.png?1770708918">
        </div>
        <div class="text paldies-card      ">
            <div class="title">Izsm.dez.NIVEA B&amp;W Fresh vīrieš.150ml</div>
            <div class="pack">
                <span class="ptitle"></span>
                <span class="price"> 25.27 €/l</span>
            </div>
                    </div>
        <div class="infopop">
            <div class="in"><span></span>
                <div class="arrow_top"></div>
                <div class="arrow_bottom"></div>
            </div>
        </div>
    </div>
</div><div class="col-third offer-item">
    <div class="item bl_shadow product-237441 paldies-card  offer-2-l-sp-sku units-price        " data-product-id="237441" data-timeout="77" data-dates-interval="30.07.2024. - 29.04.2026." tabindex="0" role="button">
                                                    <div class="discount price with-unit-price ">
                                                                            <div class="paldies-card-icon with-unit-price">
                        <img src="/images/front/icons/paldies2-icon.png" alt="Paldies">
                    </div>
                                                                
                    <div class="t1 with-unit-price paldies-card">
            <span class="value">1</span>
            <span class="cents">59</span>
            <span class="eur">€</span>
            <span class="unit-price">2.94 €/kg</span>
        </div>
                    <div class="t2">
                <span class="value">1,99</span>
                <span class="eur">€</span>
            </div>
            <div class="t3 with-unit-price">
                <span class="value">1</span>
                <span class="cents">99</span>
                <span class="eur">€</span>
                <span class="unit-price">3.69 €/kg</span>            </div>
            
    <span class="vline"></span>
</div>                    		
        
        
        <div class="tags tags_primary bottom_icons">
                                                            
                                <div data-alt="Atlaide ar PALDIES karti" class="tag tag-soap-2 " style="background-image: url('/uploads/sale/atlaide-ar-paldies-karti-7358.png');                     ">
                </div>
                                                                            
                                <div data-alt="CENU LĪDERI" class="tag tag-soap-29 " style="background-image: url('/uploads/sale/cenu-lideri-6010.png');                     ">
                </div>
                            
                    </div>
        <div class="tags tags_primary info_icon">
            
    <div data-alt="Preču piedāvājums atšķirīgs Maxima veikalos, ar aktuālo akcijas preču piedāvājumu aicinām iepazīties uz vietas veikalā!" class="tag i"></div>

        </div>

        <div class="info-notice">
            


                                                                            </div>

        <div class="img">
          <img alt="Attīr.krēms CIF Lemon ar mikrod. 540g" src="/uploads/sale/2025/sales_page/10/29//attir-krems-cif-lemon-ar-mikrod-540g-00558-0210095523.png?1770710123">
        </div>
        <div class="text paldies-card      ">
            <div class="title">Attīr.krēms CIF Lemon ar mikrod. 540g</div>
            <div class="pack">
                <span class="ptitle"></span>
                <span class="price"> 3.69 €/kg</span>
            </div>
                    </div>
        <div class="infopop">
            <div class="in"><span></span>
                <div class="arrow_top"></div>
                <div class="arrow_bottom"></div>
            </div>
        </div>
    </div>
</div><div class="col-third offer-item">
    <div class="item bl_shadow product-237412 paldies-card  offer-2-l-sp-sku units-price        " data-product-id="237412" data-timeout="77" data-dates-interval="16.03.2023. - 29.04.2026." tabindex="0" role="button">
                                                    <div class="discount price with-unit-price ">
                                                                            <div class="paldies-card-icon with-unit-price">
                        <img src="/images/front/icons/paldies2-icon.png" alt="Paldies">
                    </div>
                                                                                                
                    <div class="t1 with-unit-price paldies-card">
            <span class="value">5</span>
            <span class="cents">99</span>
            <span class="eur">€</span>
            <span class="unit-price">0.75 €/gab</span>
        </div>
                    <div class="t2">
                <span class="value">10,79</span>
                <span class="eur">€</span>
            </div>
            <div class="t3 with-unit-price">
                <span class="value">10</span>
                <span class="cents">79</span>
                <span class="eur">€</span>
                <span class="unit-price">1.35 €/gab</span>            </div>
            
    <span class="vline"></span>
</div>                    		
        
        
        <div class="tags tags_primary bottom_icons">
                                                            
                                <div data-alt="Atlaide ar PALDIES karti" class="tag tag-soap-2 " style="background-image: url('/uploads/sale/atlaide-ar-paldies-karti-7358.png');                     ">
                </div>
                                                                            
                                <div data-alt="Prece pieejama MAXIMA XXX veikalos" class="tag tag-soap-4 tag-shops" style="background-image: url('/uploads/sale/piedavajums-speka-maxima-xxx-veikalos-3117.png');                     ">
                </div>
                                                                            
                                <div data-alt="CENU LĪDERI" class="tag tag-soap-29 " style="background-image: url('/uploads/sale/cenu-lideri-6010.png');                     ">
                </div>
                            
                    </div>
        <div class="tags tags_primary info_icon">
            
    <div data-alt="Preču piedāvājums atšķirīgs Maxima veikalos, ar aktuālo akcijas preču piedāvājumu aicinām iepazīties uz vietas veikalā!" class="tag i"></div>

        </div>

        <div class="info-notice">
            


                                                                                                        </div>

        <div class="img">
          <img alt="Tual.papīrs ZEWA Exclusive Ultra..4k.8r." src="/uploads/sale/2025/sales_page/10/29//tual-papirs-zewa-exclusive-ultra-4k-8r-00559-1029180528.png?1761753928">
        </div>
        <div class="text paldies-card      ">
            <div class="title">Tual.papīrs ZEWA Exclusive Ultra..4k.8r.</div>
            <div class="pack">
                <span class="ptitle"></span>
                <span class="price"> 1.35 €/gab</span>
            </div>
                    </div>
        <div class="infopop">
            <div class="in"><span></span>
                <div class="arrow_top"></div>
                <div class="arrow_bottom"></div>
            </div>
        </div>
    </div>
</div><div class="col-third offer-item">
    <div class="item bl_shadow product-237413 paldies-card  offer-2-l-sp-sku units-price        " data-product-id="237413" data-timeout="77" data-dates-interval="30.07.2024. - 29.04.2026." tabindex="0" role="button">
                                                    <div class="discount price with-unit-price ">
                                                                            <div class="paldies-card-icon with-unit-price">
                        <img src="/images/front/icons/paldies2-icon.png" alt="Paldies">
                    </div>
                                                                                                                                
                    <div class="t1 with-unit-price paldies-card">
            <span class="value">4</span>
            <span class="cents">59</span>
            <span class="eur">€</span>
            <span class="unit-price">22.95 €/l</span>
        </div>
                    <div class="t2">
                <span class="value">6,69</span>
                <span class="eur">€</span>
            </div>
            <div class="t3 with-unit-price">
                <span class="value">6</span>
                <span class="cents">69</span>
                <span class="eur">€</span>
                <span class="unit-price">33.45 €/l</span>            </div>
            
    <span class="vline"></span>
</div>                    		
        
        
        <div class="tags tags_primary bottom_icons">
                                                            
                                <div data-alt="Atlaide ar PALDIES karti" class="tag tag-soap-2 " style="background-image: url('/uploads/sale/atlaide-ar-paldies-karti-7358.png');                     ">
                </div>
                                                                            
                                <div data-alt="Prece pieejama MAXIMA XX veikalos" class="tag tag-soap-3 tag-shops" style="background-image: url('/uploads/sale/piedavajums-speka-maxima-xx-veikalos-6057.png');                     ">
                </div>
                                                                            
                                <div data-alt="Prece pieejama MAXIMA XXX veikalos" class="tag tag-soap-4 tag-shops" style="background-image: url('/uploads/sale/piedavajums-speka-maxima-xxx-veikalos-3117.png');                     ">
                </div>
                                                                            
                                <div data-alt="CENU LĪDERI" class="tag tag-soap-29 " style="background-image: url('/uploads/sale/cenu-lideri-6010.png');                     ">
                </div>
                            
                    </div>
        <div class="tags tags_primary info_icon">
            
    <div data-alt="Preču piedāvājums atšķirīgs Maxima veikalos, ar aktuālo akcijas preču piedāvājumu aicinām iepazīties uz vietas veikalā!" class="tag i"></div>

        </div>

        <div class="info-notice">
            


                                                                                                                                    </div>

        <div class="img">
          <img alt="Traipu tīrīšanas līdz. VANISH Gold 200ml" src="/uploads/sale/2025/sales_page/10/29//traipu-tirisanas-lidz-vanish-gold-200ml-00560-1029180528.png?1761753928">
        </div>
        <div class="text paldies-card      ">
            <div class="title">Traipu tīrīšanas līdz. VANISH Gold 200ml</div>
            <div class="pack">
                <span class="ptitle"></span>
                <span class="price"> 33.45 €/l</span>
            </div>
                    </div>
        <div class="infopop">
            <div class="in"><span></span>
                <div class="arrow_top"></div>
                <div class="arrow_bottom"></div>
            </div>
        </div>
    </div>
</div><div class="col-third offer-item">
    <div class="item bl_shadow product-237554 paldies-card  offer-2-l-sp-sku units-price        " data-product-id="237554" data-timeout="77" data-dates-interval="30.10.2025. - 29.04.2026." tabindex="0" role="button">
                                                    <div class="discount price with-unit-price ">
                                                                            <div class="paldies-card-icon with-unit-price">
                        <img src="/images/front/icons/paldies2-icon.png" alt="Paldies">
                    </div>
                                                                
                    <div class="t1 with-unit-price paldies-card">
            <span class="value">3</span>
            <span class="cents">79</span>
            <span class="eur">€</span>
            <span class="unit-price">75.80 €/l</span>
        </div>
                    <div class="t2">
                <span class="value">6,29</span>
                <span class="eur">€</span>
            </div>
            <div class="t3 with-unit-price">
                <span class="value">6</span>
                <span class="cents">29</span>
                <span class="eur">€</span>
                <span class="unit-price">125.80 €/l</span>            </div>
            
    <span class="vline"></span>
</div>                    		
        
        
        <div class="tags tags_primary bottom_icons">
                                                            
                                <div data-alt="Atlaide ar PALDIES karti" class="tag tag-soap-2 " style="background-image: url('/uploads/sale/atlaide-ar-paldies-karti-7358.png');                     ">
                </div>
                                                                            
                                <div data-alt="CENU LĪDERI" class="tag tag-soap-29 " style="background-image: url('/uploads/sale/cenu-lideri-6010.png');                     ">
                </div>
                            
                    </div>
        <div class="tags tags_primary info_icon">
            
    <div data-alt="Preču piedāvājums atšķirīgs Maxima veikalos, ar aktuālo akcijas preču piedāvājumu aicinām iepazīties uz vietas veikalā!" class="tag i"></div>

        </div>

        <div class="info-notice">
            


                                                                            </div>

        <div class="img">
          <img alt="Sejas krēms GARNIER ar rožūdeni 50ml" src="/uploads/sale/2025/sales_page/10/30//sejas-krems-garnier-ar-rozudeni-50ml-00565-1030133024.png?1761823824">
        </div>
        <div class="text paldies-card      ">
            <div class="title">Sejas krēms GARNIER ar rožūdeni 50ml</div>
            <div class="pack">
                <span class="ptitle"></span>
                <span class="price"> 125.80 €/l</span>
            </div>
                    </div>
        <div class="infopop">
            <div class="in"><span></span>
                <div class="arrow_top"></div>
                <div class="arrow_bottom"></div>
            </div>
        </div>
    </div>
</div><div class="col-third offer-item">
    <div class="item bl_shadow product-237416 paldies-card  offer-2-l-sp-sku units-price        " data-product-id="237416" data-timeout="77" data-dates-interval="30.07.2024. - 29.04.2026." tabindex="0" role="button">
                                                    <div class="discount price with-unit-price ">
                                                                            <div class="paldies-card-icon with-unit-price">
                        <img src="/images/front/icons/paldies2-icon.png" alt="Paldies">
                    </div>
                                                                                                                                                                
                    <div class="t1 with-unit-price paldies-card">
            <span class="value">3</span>
            <span class="cents">19</span>
            <span class="eur">€</span>
            <span class="unit-price">4.56 €/l</span>
        </div>
                    <div class="t2">
                <span class="value">4,99</span>
                <span class="eur">€</span>
            </div>
            <div class="t3 with-unit-price">
                <span class="value">4</span>
                <span class="cents">99</span>
                <span class="eur">€</span>
                <span class="unit-price">7.13 €/l</span>            </div>
            
    <span class="vline"></span>
</div>                    		
        
        
        <div class="tags tags_primary bottom_icons">
                                                            
                                <div data-alt="Atlaide ar PALDIES karti" class="tag tag-soap-2 " style="background-image: url('/uploads/sale/atlaide-ar-paldies-karti-7358.png');                     ">
                </div>
                                                                            
                                <div data-alt="Prece pieejama MAXIMA XX veikalos" class="tag tag-soap-3 tag-shops" style="background-image: url('/uploads/sale/piedavajums-speka-maxima-xx-veikalos-6057.png');                     ">
                </div>
                                                                            
                                <div data-alt="Prece pieejama MAXIMA XXX veikalos" class="tag tag-soap-4 tag-shops" style="background-image: url('/uploads/sale/piedavajums-speka-maxima-xxx-veikalos-3117.png');                     ">
                </div>
                                                                            
                                <div data-alt="Latvijas produkts" class="tag tag-soap-6 " style="background-image: url('/uploads/sale/latvijas-produkts-3559.png');                     ">
                </div>
                                                                            
                                <div data-alt="CENU LĪDERI" class="tag tag-soap-29 " style="background-image: url('/uploads/sale/cenu-lideri-6010.png');                     ">
                </div>
                            
                    </div>
        <div class="tags tags_primary info_icon">
            
    <div data-alt="Preču piedāvājums atšķirīgs Maxima veikalos, ar aktuālo akcijas preču piedāvājumu aicinām iepazīties uz vietas veikalā!" class="tag i"></div>

        </div>

        <div class="info-notice">
            


                                                                                                                                                                </div>

        <div class="img">
          <img alt="Tīr.līdz. KVADRO kaļķ. rūsas noņ. 700ml" src="/uploads/sale/2025/sales_page/10/29//tir-lidz-kvadro-kalk-rusas-non-700ml-00566-1029180528.png?1761753928">
        </div>
        <div class="text paldies-card      ">
            <div class="title">Tīr.līdz. KVADRO kaļķ. rūsas noņ. 700ml</div>
            <div class="pack">
                <span class="ptitle"></span>
                <span class="price"> 7.13 €/l</span>
            </div>
                    </div>
        <div class="infopop">
            <div class="in"><span></span>
                <div class="arrow_top"></div>
                <div class="arrow_bottom"></div>
            </div>
        </div>
    </div>
</div><div class="col-third offer-item">
    <div class="item bl_shadow product-237417 paldies-card  offer-2-l-sp-sku units-price        " data-product-id="237417" data-timeout="77" data-dates-interval="30.07.2024. - 29.04.2026." tabindex="0" role="button">
                                                    <div class="discount price with-unit-price ">
                                                                            <div class="paldies-card-icon with-unit-price">
                        <img src="/images/front/icons/paldies2-icon.png" alt="Paldies">
                    </div>
                                                                                                
                    <div class="t1 with-unit-price paldies-card">
            <span class="value">3</span>
            <span class="cents">59</span>
            <span class="eur">€</span>
            <span class="unit-price">5.13 €/l</span>
        </div>
                    <div class="t2">
                <span class="value">5,45</span>
                <span class="eur">€</span>
            </div>
            <div class="t3 with-unit-price">
                <span class="value">5</span>
                <span class="cents">45</span>
                <span class="eur">€</span>
                <span class="unit-price">7.79 €/l</span>            </div>
            
    <span class="vline"></span>
</div>                    		
        
        
        <div class="tags tags_primary bottom_icons">
                                                            
                                <div data-alt="Atlaide ar PALDIES karti" class="tag tag-soap-2 " style="background-image: url('/uploads/sale/atlaide-ar-paldies-karti-7358.png');                     ">
                </div>
                                                                            
                                <div data-alt="Latvijas produkts" class="tag tag-soap-6 " style="background-image: url('/uploads/sale/latvijas-produkts-3559.png');                     ">
                </div>
                                                                            
                                <div data-alt="CENU LĪDERI" class="tag tag-soap-29 " style="background-image: url('/uploads/sale/cenu-lideri-6010.png');                     ">
                </div>
                            
                    </div>
        <div class="tags tags_primary info_icon">
            
    <div data-alt="Preču piedāvājums atšķirīgs Maxima veikalos, ar aktuālo akcijas preču piedāvājumu aicinām iepazīties uz vietas veikalā!" class="tag i"></div>

        </div>

        <div class="info-notice">
            


                                                                                                        </div>

        <div class="img">
          <img alt="Tīr.līdz.cepeškr.grila&amp;plīt.KVADRO 700ml" src="/uploads/sale/2025/sales_page/10/29//tir-lidz-cepeskr-grila-plit-kvadro-700ml-00567-1029180127.png?1761753687">
        </div>
        <div class="text paldies-card      ">
            <div class="title">Tīr.līdz.cepeškr.grila&amp;plīt.KVADRO 700ml</div>
            <div class="pack">
                <span class="ptitle"></span>
                <span class="price"> 7.79 €/l</span>
            </div>
                    </div>
        <div class="infopop">
            <div class="in"><span></span>
                <div class="arrow_top"></div>
                <div class="arrow_bottom"></div>
            </div>
        </div>
    </div>
</div><div class="col-third offer-item">
    <div class="item bl_shadow product-237418 paldies-card  offer-2-l-sp-sku units-price        " data-product-id="237418" data-timeout="77" data-dates-interval="01.08.2024. - 29.04.2026." tabindex="0" role="button">
                                                    <div class="discount price with-unit-price ">
                                                                            <div class="paldies-card-icon with-unit-price">
                        <img src="/images/front/icons/paldies2-icon.png" alt="Paldies">
                    </div>
                                                                                                                                
                    <div class="t1 with-unit-price paldies-card">
            <span class="value">2</span>
            <span class="cents">29</span>
            <span class="eur">€</span>
            <span class="unit-price">0.23 €/gab</span>
        </div>
                    <div class="t2">
                <span class="value">3,49</span>
                <span class="eur">€</span>
            </div>
            <div class="t3 with-unit-price">
                <span class="value">3</span>
                <span class="cents">49</span>
                <span class="eur">€</span>
                <span class="unit-price">0.35 €/gab</span>            </div>
            
    <span class="vline"></span>
</div>                    		
        
        
        <div class="tags tags_primary bottom_icons">
                                                            
                                <div data-alt="Atlaide ar PALDIES karti" class="tag tag-soap-2 " style="background-image: url('/uploads/sale/atlaide-ar-paldies-karti-7358.png');                     ">
                </div>
                                                                            
                                <div data-alt="Prece pieejama MAXIMA XX veikalos" class="tag tag-soap-3 tag-shops" style="background-image: url('/uploads/sale/piedavajums-speka-maxima-xx-veikalos-6057.png');                     ">
                </div>
                                                                            
                                <div data-alt="Prece pieejama MAXIMA XXX veikalos" class="tag tag-soap-4 tag-shops" style="background-image: url('/uploads/sale/piedavajums-speka-maxima-xxx-veikalos-3117.png');                     ">
                </div>
                                                                            
                                <div data-alt="CENU LĪDERI" class="tag tag-soap-29 " style="background-image: url('/uploads/sale/cenu-lideri-6010.png');                     ">
                </div>
                            
                    </div>
        <div class="tags tags_primary info_icon">
            
    <div data-alt="Preču piedāvājums atšķirīgs Maxima veikalos, ar aktuālo akcijas preču piedāvājumu aicinām iepazīties uz vietas veikalā!" class="tag i"></div>

        </div>

        <div class="info-notice">
            


                                                                                                                                    </div>

        <div class="img">
          <img alt="Kabatlak.ZEWA Softis Soft Sens.4k.10x9gb" src="/uploads/sale/2025/sales_page/10/29//kabatlak-zewa-softis-soft-sens-4k-10x9gb-00568-1029180127.png?1761753687">
        </div>
        <div class="text paldies-card      ">
            <div class="title">Kabatlak.ZEWA Softis Soft Sens.4k.10x9gb</div>
            <div class="pack">
                <span class="ptitle"></span>
                <span class="price"> 0.35 €/gab</span>
            </div>
                    </div>
        <div class="infopop">
            <div class="in"><span></span>
                <div class="arrow_top"></div>
                <div class="arrow_bottom"></div>
            </div>
        </div>
    </div>
</div><div class="col-third offer-item">
    <div class="item bl_shadow product-237595 paldies-card  offer-2-l-sp-sku units-price        " data-product-id="237595" data-timeout="77" data-dates-interval="30.10.2025. - 29.04.2026." tabindex="0" role="button">
                                                    <div class="discount price with-unit-price ">
                                                                            <div class="paldies-card-icon with-unit-price">
                        <img src="/images/front/icons/paldies2-icon.png" alt="Paldies">
                    </div>
                                                                                                                                
                    <div class="t1 with-unit-price paldies-card">
            <span class="value">3</span>
            <span class="cents">49</span>
            <span class="eur">€</span>
            <span class="unit-price">72.71 €/gab</span>
        </div>
                    <div class="t2">
                <span class="value">5,09</span>
                <span class="eur">€</span>
            </div>
            <div class="t3 with-unit-price">
                <span class="value">5</span>
                <span class="cents">09</span>
                <span class="eur">€</span>
                <span class="unit-price">106.04 €/gab</span>            </div>
            
    <span class="vline"></span>
</div>                    		
        
        
        <div class="tags tags_primary bottom_icons">
                                                            
                                <div data-alt="Atlaide ar PALDIES karti" class="tag tag-soap-2 " style="background-image: url('/uploads/sale/atlaide-ar-paldies-karti-7358.png');                     ">
                </div>
                                                                            
                                <div data-alt="Prece pieejama MAXIMA XX veikalos" class="tag tag-soap-3 tag-shops" style="background-image: url('/uploads/sale/piedavajums-speka-maxima-xx-veikalos-6057.png');                     ">
                </div>
                                                                            
                                <div data-alt="Prece pieejama MAXIMA XXX veikalos" class="tag tag-soap-4 tag-shops" style="background-image: url('/uploads/sale/piedavajums-speka-maxima-xxx-veikalos-3117.png');                     ">
                </div>
                                                                            
                                <div data-alt="CENU LĪDERI" class="tag tag-soap-29 " style="background-image: url('/uploads/sale/cenu-lideri-6010.png');                     ">
                </div>
                            
                    </div>
        <div class="tags tags_primary info_icon">
            
    <div data-alt="Preču piedāvājums atšķirīgs Maxima veikalos, ar aktuālo akcijas preču piedāvājumu aicinām iepazīties uz vietas veikalā!" class="tag i"></div>

        </div>

        <div class="info-notice">
            


                                                                                                                                    </div>

        <div class="img">
          <img alt="Ikd.ieliktn.LADY ANION Pantiliner 48gab." src="/uploads/sale/2025/sales_page/10/31//ikd-ieliktn-lady-anion-pantiliner-48gab-00569-1031094025.png?1761896425">
        </div>
        <div class="text paldies-card      ">
            <div class="title">Ikd.ieliktn.LADY ANION Pantiliner 48gab.</div>
            <div class="pack">
                <span class="ptitle"></span>
                <span class="price"> 106.04 €/gab</span>
            </div>
                    </div>
        <div class="infopop">
            <div class="in"><span></span>
                <div class="arrow_top"></div>
                <div class="arrow_bottom"></div>
            </div>
        </div>
    </div>
</div><div class="col-third offer-item">
    <div class="item bl_shadow product-237419 paldies-card  offer-2-l-sp-sku units-price        " data-product-id="237419" data-timeout="77" data-dates-interval="16.03.2023. - 29.04.2026." tabindex="0" role="button">
                                                    <div class="discount price with-unit-price ">
                                                                            <div class="paldies-card-icon with-unit-price">
                        <img src="/images/front/icons/paldies2-icon.png" alt="Paldies">
                    </div>
                                                                                                                                
                    <div class="t1 with-unit-price paldies-card">
            <span class="value">1</span>
            <span class="cents">59</span>
            <span class="eur">€</span>
            <span class="unit-price">0.02 €/gab</span>
        </div>
                    <div class="t2">
                <span class="value">2,89</span>
                <span class="eur">€</span>
            </div>
            <div class="t3 with-unit-price">
                <span class="value">2</span>
                <span class="cents">89</span>
                <span class="eur">€</span>
                <span class="unit-price">0.04 €/gab</span>            </div>
            
    <span class="vline"></span>
</div>                    		
        
        
        <div class="tags tags_primary bottom_icons">
                                                            
                                <div data-alt="Atlaide ar PALDIES karti" class="tag tag-soap-2 " style="background-image: url('/uploads/sale/atlaide-ar-paldies-karti-7358.png');                     ">
                </div>
                                                                            
                                <div data-alt="Prece pieejama MAXIMA XX veikalos" class="tag tag-soap-3 tag-shops" style="background-image: url('/uploads/sale/piedavajums-speka-maxima-xx-veikalos-6057.png');                     ">
                </div>
                                                                            
                                <div data-alt="Prece pieejama MAXIMA XXX veikalos" class="tag tag-soap-4 tag-shops" style="background-image: url('/uploads/sale/piedavajums-speka-maxima-xxx-veikalos-3117.png');                     ">
                </div>
                                                                            
                                <div data-alt="CENU LĪDERI" class="tag tag-soap-29 " style="background-image: url('/uploads/sale/cenu-lideri-6010.png');                     ">
                </div>
                            
                    </div>
        <div class="tags tags_primary info_icon">
            
    <div data-alt="Preču piedāvājums atšķirīgs Maxima veikalos, ar aktuālo akcijas preču piedāvājumu aicinām iepazīties uz vietas veikalā!" class="tag i"></div>

        </div>

        <div class="info-notice">
            


                                                                                                                                    </div>

        <div class="img">
          <img alt="Kosm.salv.ZEWA Softis Soft Sens.4k.80gb." src="/uploads/sale/2025/sales_page/10/29//kosm-salv-zewa-softis-soft-sens-4k-80gb-00570-1029180528.png?1761753928">
        </div>
        <div class="text paldies-card      ">
            <div class="title">Kosm.salv.ZEWA Softis Soft Sens.4k.80gb.</div>
            <div class="pack">
                <span class="ptitle"></span>
                <span class="price"> 0.04 €/gab</span>
            </div>
                    </div>
        <div class="infopop">
            <div class="in"><span></span>
                <div class="arrow_top"></div>
                <div class="arrow_bottom"></div>
            </div>
        </div>
    </div>
</div><div class="col-third offer-item">
    <div class="item bl_shadow product-237402 paldies-card  offer-2-l-sp-sku units-price        " data-product-id="237402" data-timeout="77" data-dates-interval="30.07.2024. - 29.04.2026." tabindex="0" role="button">
                                                    <div class="discount price with-unit-price ">
                                                                            <div class="paldies-card-icon with-unit-price">
                        <img src="/images/front/icons/paldies2-icon.png" alt="Paldies">
                    </div>
                                                                
                    <div class="t1 with-unit-price paldies-card">
            <span class="value">7</span>
            <span class="cents">99</span>
            <span class="eur">€</span>
            <span class="unit-price">0.25 €/gab</span>
        </div>
                    <div class="t2">
                <span class="value">10,99</span>
                <span class="eur">€</span>
            </div>
            <div class="t3 with-unit-price">
                <span class="value">10</span>
                <span class="cents">99</span>
                <span class="eur">€</span>
                <span class="unit-price">0.34 €/gab</span>            </div>
            
    <span class="vline"></span>
</div>                    		
        
        
        <div class="tags tags_primary bottom_icons">
                                                            
                                <div data-alt="Atlaide ar PALDIES karti" class="tag tag-soap-2 " style="background-image: url('/uploads/sale/atlaide-ar-paldies-karti-7358.png');                     ">
                </div>
                                                                            
                                <div data-alt="CENU LĪDERI" class="tag tag-soap-29 " style="background-image: url('/uploads/sale/cenu-lideri-6010.png');                     ">
                </div>
                            
                    </div>
        <div class="tags tags_primary info_icon">
            
    <div data-alt="Preču piedāvājums atšķirīgs Maxima veikalos, ar aktuālo akcijas preču piedāvājumu aicinām iepazīties uz vietas veikalā!" class="tag i"></div>

        </div>

        <div class="info-notice">
            


                                                                            </div>

        <div class="img">
          <img alt="Veļ.mazg.kaps. MAYERI Sensitive 32m.r." src="/uploads/sale/2025/sales_page/10/29//vel-mazg-kaps-mayeri-sensitive-32m-r-00573-1029180536.png?1761753936">
        </div>
        <div class="text paldies-card      ">
            <div class="title">Veļ.mazg.kaps. MAYERI Sensitive 32m.r.</div>
            <div class="pack">
                <span class="ptitle"></span>
                <span class="price"> 0.34 €/gab</span>
            </div>
                    </div>
        <div class="infopop">
            <div class="in"><span></span>
                <div class="arrow_top"></div>
                <div class="arrow_bottom"></div>
            </div>
        </div>
    </div>
</div><div class="col-third offer-item">
    <div class="item bl_shadow product-237403 paldies-card  offer-2-l-sp-sku units-price        " data-product-id="237403" data-timeout="77" data-dates-interval="30.07.2024. - 29.04.2026." tabindex="0" role="button">
                                                    <div class="discount price with-unit-price ">
                                                                            <div class="paldies-card-icon with-unit-price">
                        <img src="/images/front/icons/paldies2-icon.png" alt="Paldies">
                    </div>
                                                                
                    <div class="t1 with-unit-price paldies-card">
            <span class="value">2</span>
            <span class="cents">39</span>
            <span class="eur">€</span>
            <span class="unit-price">5.49 €/l</span>
        </div>
                    <div class="t2">
                <span class="value">5,99</span>
                <span class="eur">€</span>
            </div>
            <div class="t3 with-unit-price">
                <span class="value">5</span>
                <span class="cents">99</span>
                <span class="eur">€</span>
                <span class="unit-price">13.77 €/l</span>            </div>
            
    <span class="vline"></span>
</div>                    		
        
        
        <div class="tags tags_primary bottom_icons">
                                                            
                                <div data-alt="Atlaide ar PALDIES karti" class="tag tag-soap-2 " style="background-image: url('/uploads/sale/atlaide-ar-paldies-karti-7358.png');                     ">
                </div>
                                                                            
                                <div data-alt="CENU LĪDERI" class="tag tag-soap-29 " style="background-image: url('/uploads/sale/cenu-lideri-6010.png');                     ">
                </div>
                            
                    </div>
        <div class="tags tags_primary info_icon">
            
    <div data-alt="Preču piedāvājums atšķirīgs Maxima veikalos, ar aktuālo akcijas preču piedāvājumu aicinām iepazīties uz vietas veikalā!" class="tag i"></div>

        </div>

        <div class="info-notice">
            


                                                                            </div>

        <div class="img">
          <img alt="Tīr. līdz. CIF kaļķakm.noņemš. 435ml" src="/uploads/sale/2025/sales_page/10/29//tir-lidz-cif-kalkakm-nonems-435ml-00574-1029180536.png?1761753936">
        </div>
        <div class="text paldies-card      ">
            <div class="title">Tīr. līdz. CIF kaļķakm.noņemš. 435ml</div>
            <div class="pack">
                <span class="ptitle"></span>
                <span class="price"> 13.77 €/l</span>
            </div>
                    </div>
        <div class="infopop">
            <div class="in"><span></span>
                <div class="arrow_top"></div>
                <div class="arrow_bottom"></div>
            </div>
        </div>
    </div>
</div><div class="col-third offer-item">
    <div class="item bl_shadow product-237404 paldies-card  offer-2-l-sp-sku units-price        " data-product-id="237404" data-timeout="77" data-dates-interval="30.07.2024. - 29.04.2026." tabindex="0" role="button">
                                                    <div class="discount price with-unit-price ">
                                                                            <div class="paldies-card-icon with-unit-price">
                        <img src="/images/front/icons/paldies2-icon.png" alt="Paldies">
                    </div>
                                                                
                    <div class="t1 with-unit-price paldies-card">
            <span class="value">2</span>
            <span class="cents">39</span>
            <span class="eur">€</span>
            <span class="unit-price">5.49 €/l</span>
        </div>
                    <div class="t2">
                <span class="value">5,99</span>
                <span class="eur">€</span>
            </div>
            <div class="t3 with-unit-price">
                <span class="value">5</span>
                <span class="cents">99</span>
                <span class="eur">€</span>
                <span class="unit-price">13.77 €/l</span>            </div>
            
    <span class="vline"></span>
</div>                    		
        
        
        <div class="tags tags_primary bottom_icons">
                                                            
                                <div data-alt="Atlaide ar PALDIES karti" class="tag tag-soap-2 " style="background-image: url('/uploads/sale/atlaide-ar-paldies-karti-7358.png');                     ">
                </div>
                                                                            
                                <div data-alt="CENU LĪDERI" class="tag tag-soap-29 " style="background-image: url('/uploads/sale/cenu-lideri-6010.png');                     ">
                </div>
                            
                    </div>
        <div class="tags tags_primary info_icon">
            
    <div data-alt="Preču piedāvājums atšķirīgs Maxima veikalos, ar aktuālo akcijas preču piedāvājumu aicinām iepazīties uz vietas veikalā!" class="tag i"></div>

        </div>

        <div class="info-notice">
            


                                                                            </div>

        <div class="img">
          <img alt="Tīr. līdz. pelējuma noņemš. CIF 435ml" src="/uploads/sale/2025/sales_page/10/29//tir-lidz-pelejuma-nonems-cif-435ml-00575-1029180536.png?1761753936">
        </div>
        <div class="text paldies-card      ">
            <div class="title">Tīr. līdz. pelējuma noņemš. CIF 435ml</div>
            <div class="pack">
                <span class="ptitle"></span>
                <span class="price"> 13.77 €/l</span>
            </div>
                    </div>
        <div class="infopop">
            <div class="in"><span></span>
                <div class="arrow_top"></div>
                <div class="arrow_bottom"></div>
            </div>
        </div>
    </div>
</div><div class="col-third offer-item">
    <div class="item bl_shadow product-237366 paldies-card  offer-2-l-sp-sku units-price        " data-product-id="237366" data-timeout="77" data-dates-interval="30.07.2024. - 29.04.2026." tabindex="0" role="button">
                                                    <div class="discount price with-unit-price ">
                                                                            <div class="paldies-card-icon with-unit-price">
                        <img src="/images/front/icons/paldies2-icon.png" alt="Paldies">
                    </div>
                                                                
                    <div class="t1 with-unit-price paldies-card">
            <span class="value">8</span>
            <span class="cents">99</span>
            <span class="eur">€</span>
            <span class="unit-price">3.14 €/l</span>
        </div>
                    <div class="t2">
                <span class="value">13,29</span>
                <span class="eur">€</span>
            </div>
            <div class="t3 with-unit-price">
                <span class="value">13</span>
                <span class="cents">29</span>
                <span class="eur">€</span>
                <span class="unit-price">4.65 €/l</span>            </div>
            
    <span class="vline"></span>
</div>                    		
        
        
        <div class="tags tags_primary bottom_icons">
                                                            
                                <div data-alt="Atlaide ar PALDIES karti" class="tag tag-soap-2 " style="background-image: url('/uploads/sale/atlaide-ar-paldies-karti-7358.png');                     ">
                </div>
                                                                            
                                <div data-alt="CENU LĪDERI" class="tag tag-soap-29 " style="background-image: url('/uploads/sale/cenu-lideri-6010.png');                     ">
                </div>
                            
                    </div>
        <div class="tags tags_primary info_icon">
            
    <div data-alt="Preču piedāvājums atšķirīgs Maxima veikalos, ar aktuālo akcijas preču piedāvājumu aicinām iepazīties uz vietas veikalā!" class="tag i"></div>

        </div>

        <div class="info-notice">
            


                                                                            </div>

        <div class="img">
          <img alt="Veļas mīkst.SILAN Sensitive 130m.r.2,86L" src="/uploads/sale/2025/sales_page/10/29//velas-mikst-silan-sensitive-130m-r-2-86l-00720-1029180112.png?1761753672">
        </div>
        <div class="text paldies-card      ">
            <div class="title">Veļas mīkst.SILAN Sensitive 130m.r.2,86L</div>
            <div class="pack">
                <span class="ptitle"></span>
                <span class="price"> 4.65 €/l</span>
            </div>
                    </div>
        <div class="infopop">
            <div class="in"><span></span>
                <div class="arrow_top"></div>
                <div class="arrow_bottom"></div>
            </div>
        </div>
    </div>
</div><div class="col-third offer-item">
    <div class="item bl_shadow product-237367 paldies-card  offer-2-l-sp-sku units-price        " data-product-id="237367" data-timeout="77" data-dates-interval="01.08.2024. - 29.04.2026." tabindex="0" role="button">
                                                    <div class="discount price with-unit-price ">
                                                                            <div class="paldies-card-icon with-unit-price">
                        <img src="/images/front/icons/paldies2-icon.png" alt="Paldies">
                    </div>
                                                                                                                                
                    <div class="t1 with-unit-price paldies-card">
            <span class="value">5</span>
            <span class="cents">69</span>
            <span class="eur">€</span>
            <span class="unit-price">3.16 €/l</span>
        </div>
                    <div class="t2">
                <span class="value">10,49</span>
                <span class="eur">€</span>
            </div>
            <div class="t3 with-unit-price">
                <span class="value">10</span>
                <span class="cents">49</span>
                <span class="eur">€</span>
                <span class="unit-price">5.83 €/l</span>            </div>
            
    <span class="vline"></span>
</div>                    		
        
        
        <div class="tags tags_primary bottom_icons">
                                                            
                                <div data-alt="Atlaide ar PALDIES karti" class="tag tag-soap-2 " style="background-image: url('/uploads/sale/atlaide-ar-paldies-karti-7358.png');                     ">
                </div>
                                                                            
                                <div data-alt="Prece pieejama MAXIMA XX veikalos" class="tag tag-soap-3 tag-shops" style="background-image: url('/uploads/sale/piedavajums-speka-maxima-xx-veikalos-6057.png');                     ">
                </div>
                                                                            
                                <div data-alt="Prece pieejama MAXIMA XXX veikalos" class="tag tag-soap-4 tag-shops" style="background-image: url('/uploads/sale/piedavajums-speka-maxima-xxx-veikalos-3117.png');                     ">
                </div>
                                                                            
                                <div data-alt="CENU LĪDERI" class="tag tag-soap-29 " style="background-image: url('/uploads/sale/cenu-lideri-6010.png');                     ">
                </div>
                            
                    </div>
        <div class="tags tags_primary info_icon">
            
    <div data-alt="Preču piedāvājums atšķirīgs Maxima veikalos, ar aktuālo akcijas preču piedāvājumu aicinām iepazīties uz vietas veikalā!" class="tag i"></div>

        </div>

        <div class="info-notice">
            


                                                                                                                                    </div>

        <div class="img">
          <img alt="V.mazg.līdz.WOOLITE Col.Fruity30m.r.1,8L" src="/uploads/sale/2025/sales_page/10/29//v-mazg-lidz-woolite-col-fruity30m-r-1-8l-00721-0210094017.png?1770709217">
        </div>
        <div class="text paldies-card      ">
            <div class="title">V.mazg.līdz.WOOLITE Col.Fruity30m.r.1,8L</div>
            <div class="pack">
                <span class="ptitle"></span>
                <span class="price"> 5.83 €/l</span>
            </div>
                    </div>
        <div class="infopop">
            <div class="in"><span></span>
                <div class="arrow_top"></div>
                <div class="arrow_bottom"></div>
            </div>
        </div>
    </div>
</div><div class="col-third offer-item">
    <div class="item bl_shadow product-237368 paldies-card  offer-2-l-sp-sku units-price        " data-product-id="237368" data-timeout="77" data-dates-interval="30.01.2025. - 29.04.2026." tabindex="0" role="button">
                                                    <div class="discount price with-unit-price ">
                                                                            <div class="paldies-card-icon with-unit-price">
                        <img src="/images/front/icons/paldies2-icon.png" alt="Paldies">
                    </div>
                                                                
                    <div class="t1 with-unit-price paldies-card">
            <span class="value">3</span>
            <span class="cents">99</span>
            <span class="eur">€</span>
            <span class="unit-price">7.98 €/l</span>
        </div>
                    <div class="t2">
                <span class="value">5,95</span>
                <span class="eur">€</span>
            </div>
            <div class="t3 with-unit-price">
                <span class="value">5</span>
                <span class="cents">95</span>
                <span class="eur">€</span>
                <span class="unit-price">11.90 €/l</span>            </div>
            
    <span class="vline"></span>
</div>                    		
        
        
        <div class="tags tags_primary bottom_icons">
                                                            
                                <div data-alt="Atlaide ar PALDIES karti" class="tag tag-soap-2 " style="background-image: url('/uploads/sale/atlaide-ar-paldies-karti-7358.png');                     ">
                </div>
                                                                            
                                <div data-alt="CENU LĪDERI" class="tag tag-soap-29 " style="background-image: url('/uploads/sale/cenu-lideri-6010.png');                     ">
                </div>
                            
                    </div>
        <div class="tags tags_primary info_icon">
            
    <div data-alt="Preču piedāvājums atšķirīgs Maxima veikalos, ar aktuālo akcijas preču piedāvājumu aicinām iepazīties uz vietas veikalā!" class="tag i"></div>

        </div>

        <div class="info-notice">
            


                                                                            </div>

        <div class="img">
          <img alt="Matu maska REVIVOR Betula 500ml" src="/uploads/sale/2025/sales_page/10/29//matu-maska-revivor-betula-500ml-00722-1029180523.png?1761753923">
        </div>
        <div class="text paldies-card      ">
            <div class="title">Matu maska REVIVOR Betula 500ml</div>
            <div class="pack">
                <span class="ptitle"></span>
                <span class="price"> 11.90 €/l</span>
            </div>
                    </div>
        <div class="infopop">
            <div class="in"><span></span>
                <div class="arrow_top"></div>
                <div class="arrow_bottom"></div>
            </div>
        </div>
    </div>
</div><div class="col-third offer-item">
    <div class="item bl_shadow product-237369 paldies-card  offer-2-l-sp-sku units-price        " data-product-id="237369" data-timeout="77" data-dates-interval="30.07.2024. - 29.04.2026." tabindex="0" role="button">
                                                    <div class="discount price with-unit-price ">
                                                                            <div class="paldies-card-icon with-unit-price">
                        <img src="/images/front/icons/paldies2-icon.png" alt="Paldies">
                    </div>
                                                                
                    <div class="t1 with-unit-price paldies-card">
            <span class="value">1</span>
            <span class="cents">29</span>
            <span class="eur">€</span>
            <span class="unit-price">1.29 €/l</span>
        </div>
                    <div class="t2">
                <span class="value">1,79</span>
                <span class="eur">€</span>
            </div>
            <div class="t3 with-unit-price">
                <span class="value">1</span>
                <span class="cents">79</span>
                <span class="eur">€</span>
                <span class="unit-price">1.79 €/l</span>            </div>
            
    <span class="vline"></span>
</div>                    		
        
        
        <div class="tags tags_primary bottom_icons">
                                                            
                                <div data-alt="Atlaide ar PALDIES karti" class="tag tag-soap-2 " style="background-image: url('/uploads/sale/atlaide-ar-paldies-karti-7358.png');                     ">
                </div>
                                                                            
                                <div data-alt="CENU LĪDERI" class="tag tag-soap-29 " style="background-image: url('/uploads/sale/cenu-lideri-6010.png');                     ">
                </div>
                            
                    </div>
        <div class="tags tags_primary info_icon">
            
    <div data-alt="Preču piedāvājums atšķirīgs Maxima veikalos, ar aktuālo akcijas preču piedāvājumu aicinām iepazīties uz vietas veikalā!" class="tag i"></div>

        </div>

        <div class="info-notice">
            


                                                                            </div>

        <div class="img">
          <img alt="Veļas balinātājs MAYERI Liilia 1L" src="/uploads/sale/2025/sales_page/10/29//velas-balinatajs-mayeri-liilia-1l-00723-1029180523.png?1761753923">
        </div>
        <div class="text paldies-card      ">
            <div class="title">Veļas balinātājs MAYERI Liilia 1L</div>
            <div class="pack">
                <span class="ptitle"></span>
                <span class="price"> 1.79 €/l</span>
            </div>
                    </div>
        <div class="infopop">
            <div class="in"><span></span>
                <div class="arrow_top"></div>
                <div class="arrow_bottom"></div>
            </div>
        </div>
    </div>
</div><div class="col-third offer-item">
    <div class="item bl_shadow product-237372 paldies-card  offer-2-l-sp-sku units-price        " data-product-id="237372" data-timeout="77" data-dates-interval="30.01.2025. - 29.04.2026." tabindex="0" role="button">
                                                    <div class="discount price with-unit-price ">
                                                                            <div class="paldies-card-icon with-unit-price">
                        <img src="/images/front/icons/paldies2-icon.png" alt="Paldies">
                    </div>
                                                                
                    <div class="t1 with-unit-price paldies-card">
            <span class="value">1</span>
            <span class="cents">39</span>
            <span class="eur">€</span>
            <span class="unit-price">0.02 €/kg</span>
        </div>
                    <div class="t2">
                <span class="value">2,09</span>
                <span class="eur">€</span>
            </div>
            <div class="t3 with-unit-price">
                <span class="value">2</span>
                <span class="cents">09</span>
                <span class="eur">€</span>
                <span class="unit-price">23.22 €/kg</span>            </div>
            
    <span class="vline"></span>
</div>                    		
        
        
        <div class="tags tags_primary bottom_icons">
                                                            
                                <div data-alt="Atlaide ar PALDIES karti" class="tag tag-soap-2 " style="background-image: url('/uploads/sale/atlaide-ar-paldies-karti-7358.png');                     ">
                </div>
                                                                            
                                <div data-alt="CENU LĪDERI" class="tag tag-soap-29 " style="background-image: url('/uploads/sale/cenu-lideri-6010.png');                     ">
                </div>
                            
                    </div>
        <div class="tags tags_primary info_icon">
            
    <div data-alt="Preču piedāvājums atšķirīgs Maxima veikalos, ar aktuālo akcijas preču piedāvājumu aicinām iepazīties uz vietas veikalā!" class="tag i"></div>

        </div>

        <div class="info-notice">
            


                                                                            </div>

        <div class="img">
          <img alt="Tual.bloks skal.tvertnei KOLORADO 2x45g" src="/uploads/sale/2025/sales_page/10/29//tual-bloks-skal-tvertnei-kolorado-2x45g-00724-0210091018.png?1770707418">
        </div>
        <div class="text paldies-card      ">
            <div class="title">Tual.bloks skal.tvertnei KOLORADO 2x45g</div>
            <div class="pack">
                <span class="ptitle"></span>
                <span class="price"> 23.22 €/kg</span>
            </div>
                    </div>
        <div class="infopop">
            <div class="in"><span></span>
                <div class="arrow_top"></div>
                <div class="arrow_bottom"></div>
            </div>
        </div>
    </div>
</div><div class="col-third offer-item">
    <div class="item bl_shadow product-237373 paldies-card  offer-2-l-sp-sku units-price        " data-product-id="237373" data-timeout="77" data-dates-interval="01.08.2024. - 29.04.2026." tabindex="0" role="button">
                                                    <div class="discount price with-unit-price ">
                                                                            <div class="paldies-card-icon with-unit-price">
                        <img src="/images/front/icons/paldies2-icon.png" alt="Paldies">
                    </div>
                                                                                                                                
                    <div class="t1 with-unit-price paldies-card">
            <span class="value">1</span>
            <span class="cents">99</span>
            <span class="eur">€</span>
            <span class="unit-price">0.02 €/gab</span>
        </div>
                    <div class="t2">
                <span class="value">3,99</span>
                <span class="eur">€</span>
            </div>
            <div class="t3 with-unit-price">
                <span class="value">3</span>
                <span class="cents">99</span>
                <span class="eur">€</span>
                <span class="unit-price">0.03 €/gab</span>            </div>
            
    <span class="vline"></span>
</div>                    		
        
        
        <div class="tags tags_primary bottom_icons">
                                                            
                                <div data-alt="Atlaide ar PALDIES karti" class="tag tag-soap-2 " style="background-image: url('/uploads/sale/atlaide-ar-paldies-karti-7358.png');                     ">
                </div>
                                                                            
                                <div data-alt="Prece pieejama MAXIMA XX veikalos" class="tag tag-soap-3 tag-shops" style="background-image: url('/uploads/sale/piedavajums-speka-maxima-xx-veikalos-6057.png');                     ">
                </div>
                                                                            
                                <div data-alt="Prece pieejama MAXIMA XXX veikalos" class="tag tag-soap-4 tag-shops" style="background-image: url('/uploads/sale/piedavajums-speka-maxima-xxx-veikalos-3117.png');                     ">
                </div>
                                                                            
                                <div data-alt="CENU LĪDERI" class="tag tag-soap-29 " style="background-image: url('/uploads/sale/cenu-lideri-6010.png');                     ">
                </div>
                            
                    </div>
        <div class="tags tags_primary info_icon">
            
    <div data-alt="Preču piedāvājums atšķirīgs Maxima veikalos, ar aktuālo akcijas preču piedāvājumu aicinām iepazīties uz vietas veikalā!" class="tag i"></div>

        </div>

        <div class="info-notice">
            


                                                                                                                                    </div>

        <div class="img">
          <img alt="Papīra dvieļi ZEWA Premium 2k. 120lap." src="/uploads/sale/2025/sales_page/10/29//papira-dvieli-zewa-premium-2k-120lap-00725-1029180531.png?1761753931">
        </div>
        <div class="text paldies-card      ">
            <div class="title">Papīra dvieļi ZEWA Premium 2k. 120lap.</div>
            <div class="pack">
                <span class="ptitle"></span>
                <span class="price"> 0.03 €/gab</span>
            </div>
                    </div>
        <div class="infopop">
            <div class="in"><span></span>
                <div class="arrow_top"></div>
                <div class="arrow_bottom"></div>
            </div>
        </div>
    </div>
</div><div class="col-third offer-item">
    <div class="item bl_shadow product-237647 paldies-card  offer-2-l-sp-sku units-price        " data-product-id="237647" data-timeout="77" data-dates-interval="30.10.2025. - 29.04.2026." tabindex="0" role="button">
                                                    <div class="discount price with-unit-price ">
                                                                            <div class="paldies-card-icon with-unit-price">
                        <img src="/images/front/icons/paldies2-icon.png" alt="Paldies">
                    </div>
                                                                                                                                
                    <div class="t1 with-unit-price paldies-card">
            <span class="value">3</span>
            <span class="cents">79</span>
            <span class="eur">€</span>
            <span class="unit-price">15.16 €/l</span>
        </div>
                    <div class="t2">
                <span class="value">5,49</span>
                <span class="eur">€</span>
            </div>
            <div class="t3 with-unit-price">
                <span class="value">5</span>
                <span class="cents">49</span>
                <span class="eur">€</span>
                <span class="unit-price">21.96 €/l</span>            </div>
            
    <span class="vline"></span>
</div>                    		
        
        
        <div class="tags tags_primary bottom_icons">
                                                            
                                <div data-alt="Atlaide ar PALDIES karti" class="tag tag-soap-2 " style="background-image: url('/uploads/sale/atlaide-ar-paldies-karti-7358.png');                     ">
                </div>
                                                                            
                                <div data-alt="Prece pieejama MAXIMA XX veikalos" class="tag tag-soap-3 tag-shops" style="background-image: url('/uploads/sale/piedavajums-speka-maxima-xx-veikalos-6057.png');                     ">
                </div>
                                                                            
                                <div data-alt="Prece pieejama MAXIMA XXX veikalos" class="tag tag-soap-4 tag-shops" style="background-image: url('/uploads/sale/piedavajums-speka-maxima-xxx-veikalos-3117.png');                     ">
                </div>
                                                                            
                                <div data-alt="CENU LĪDERI" class="tag tag-soap-29 " style="background-image: url('/uploads/sale/cenu-lideri-6010.png');                     ">
                </div>
                            
                    </div>
        <div class="tags tags_primary info_icon">
            
    <div data-alt="Preču piedāvājums atšķirīgs Maxima veikalos, ar aktuālo akcijas preču piedāvājumu aicinām iepazīties uz vietas veikalā!" class="tag i"></div>

        </div>

        <div class="info-notice">
            


                                                                                                                                    </div>

        <div class="img">
          <img alt="Ķerm.kr.ORGANIC SHOP Lemon Macaron 250ml" src="/uploads/sale/2025/sales_page/10/31//kerm-kr-organic-shop-lemon-macaron-250ml-00732-1031101022.png?1761898222">
        </div>
        <div class="text paldies-card      ">
            <div class="title">Ķerm.kr.ORGANIC SHOP Lemon Macaron 250ml</div>
            <div class="pack">
                <span class="ptitle"></span>
                <span class="price"> 21.96 €/l</span>
            </div>
                    </div>
        <div class="infopop">
            <div class="in"><span></span>
                <div class="arrow_top"></div>
                <div class="arrow_bottom"></div>
            </div>
        </div>
    </div>
</div><div class="col-third offer-item">
    <div class="item bl_shadow product-237617 paldies-card  offer-2-l-sp-sku units-price        " data-product-id="237617" data-timeout="77" data-dates-interval="30.10.2025. - 29.04.2026." tabindex="0" role="button">
                                                    <div class="discount price with-unit-price ">
                                                                            <div class="paldies-card-icon with-unit-price">
                        <img src="/images/front/icons/paldies2-icon.png" alt="Paldies">
                    </div>
                                                                
                    <div class="t1 with-unit-price paldies-card">
            <span class="value">20</span>
            <span class="cents">99</span>
            <span class="eur">€</span>
            <span class="unit-price">0.34 €/gab</span>
        </div>
                    <div class="t2">
                <span class="value">39,99</span>
                <span class="eur">€</span>
            </div>
            <div class="t3 with-unit-price">
                <span class="value">39</span>
                <span class="cents">99</span>
                <span class="eur">€</span>
                <span class="unit-price">0.65 €/gab</span>            </div>
            
    <span class="vline"></span>
</div>                    		
        
        
        <div class="tags tags_primary bottom_icons">
                                                            
                                <div data-alt="Atlaide ar PALDIES karti" class="tag tag-soap-2 " style="background-image: url('/uploads/sale/atlaide-ar-paldies-karti-7358.png');                     ">
                </div>
                                                                            
                                <div data-alt="CENU LĪDERI" class="tag tag-soap-29 " style="background-image: url('/uploads/sale/cenu-lideri-6010.png');                     ">
                </div>
                            
                    </div>
        <div class="tags tags_primary info_icon">
            
    <div data-alt="Preču piedāvājums atšķirīgs Maxima veikalos, ar aktuālo akcijas preču piedāvājumu aicinām iepazīties uz vietas veikalā!" class="tag i"></div>

        </div>

        <div class="info-notice">
            


                                                                            </div>

        <div class="img">
          <img alt="Tr.mazg.maš.kaps.FINISH.Ult.Pl.Lem.62gb." src="/uploads/sale/2025/sales_page/10/31//tr-mazg-mas-kaps-finish-ult-pl-lem-62gb-00733-1031094028.png?1761896428">
        </div>
        <div class="text paldies-card      ">
            <div class="title">Tr.mazg.maš.kaps.FINISH.Ult.Pl.Lem.62gb.</div>
            <div class="pack">
                <span class="ptitle"></span>
                <span class="price"> 0.65 €/gab</span>
            </div>
                    </div>
        <div class="infopop">
            <div class="in"><span></span>
                <div class="arrow_top"></div>
                <div class="arrow_bottom"></div>
            </div>
        </div>
    </div>
</div><div class="col-third offer-item">
    <div class="item bl_shadow product-237425 paldies-card  offer-2-l-sp-sku units-price        " data-product-id="237425" data-timeout="77" data-dates-interval="30.01.2025. - 29.04.2026." tabindex="0" role="button">
                                                    <div class="discount price with-unit-price ">
                                                                            <div class="paldies-card-icon with-unit-price">
                        <img src="/images/front/icons/paldies2-icon.png" alt="Paldies">
                    </div>
                                                                                                
                    <div class="t1 with-unit-price paldies-card">
            <span class="value">1</span>
            <span class="cents">19</span>
            <span class="eur">€</span>
            <span class="unit-price">0.06 €/gab</span>
        </div>
                    <div class="t2">
                <span class="value">1,99</span>
                <span class="eur">€</span>
            </div>
            <div class="t3 with-unit-price">
                <span class="value">1</span>
                <span class="cents">99</span>
                <span class="eur">€</span>
                <span class="unit-price">0.10 €/gab</span>            </div>
            
    <span class="vline"></span>
</div>                    		
        
        
        <div class="tags tags_primary bottom_icons">
                                                            
                                <div data-alt="Atlaide ar PALDIES karti" class="tag tag-soap-2 " style="background-image: url('/uploads/sale/atlaide-ar-paldies-karti-7358.png');                     ">
                </div>
                                                                            
                                <div data-alt="Latvijas produkts" class="tag tag-soap-6 " style="background-image: url('/uploads/sale/latvijas-produkts-3559.png');                     ">
                </div>
                                                                            
                                <div data-alt="CENU LĪDERI" class="tag tag-soap-29 " style="background-image: url('/uploads/sale/cenu-lideri-6010.png');                     ">
                </div>
                            
                    </div>
        <div class="tags tags_primary info_icon">
            
    <div data-alt="Preču piedāvājums atšķirīgs Maxima veikalos, ar aktuālo akcijas preču piedāvājumu aicinām iepazīties uz vietas veikalā!" class="tag i"></div>

        </div>

        <div class="info-notice">
            


                                                                                                        </div>

        <div class="img">
          <img alt="Šķīst.tabletes HERB'S Vitamin C 20gab." src="/uploads/sale/2025/sales_page/10/29//skist-tabletes-herb-s-vitamin-c-20gab-00734-0210093018.png?1770708618">
        </div>
        <div class="text paldies-card      ">
            <div class="title">Šķīst.tabletes HERB'S Vitamin C 20gab.</div>
            <div class="pack">
                <span class="ptitle"></span>
                <span class="price"> 0.10 €/gab</span>
            </div>
                    </div>
        <div class="infopop">
            <div class="in"><span></span>
                <div class="arrow_top"></div>
                <div class="arrow_bottom"></div>
            </div>
        </div>
    </div>
</div><div class="col-third offer-item">
    <div class="item bl_shadow product-237426 paldies-card  offer-2-l-sp-sku units-price        " data-product-id="237426" data-timeout="77" data-dates-interval="30.07.2024. - 29.04.2026." tabindex="0" role="button">
                                                    <div class="discount price with-unit-price ">
                                                                            <div class="paldies-card-icon with-unit-price">
                        <img src="/images/front/icons/paldies2-icon.png" alt="Paldies">
                    </div>
                                                                
                    <div class="t1 with-unit-price paldies-card">
            <span class="value">5</span>
            <span class="cents">29</span>
            <span class="eur">€</span>
            <span class="unit-price">3.11 €/l</span>
        </div>
                    <div class="t2">
                <span class="value">8,19</span>
                <span class="eur">€</span>
            </div>
            <div class="t3 with-unit-price">
                <span class="value">8</span>
                <span class="cents">19</span>
                <span class="eur">€</span>
                <span class="unit-price">4.82 €/l</span>            </div>
            
    <span class="vline"></span>
</div>                    		
        
        
        <div class="tags tags_primary bottom_icons">
                                                            
                                <div data-alt="Atlaide ar PALDIES karti" class="tag tag-soap-2 " style="background-image: url('/uploads/sale/atlaide-ar-paldies-karti-7358.png');                     ">
                </div>
                                                                            
                                <div data-alt="CENU LĪDERI" class="tag tag-soap-29 " style="background-image: url('/uploads/sale/cenu-lideri-6010.png');                     ">
                </div>
                            
                    </div>
        <div class="tags tags_primary info_icon">
            
    <div data-alt="Preču piedāvājums atšķirīgs Maxima veikalos, ar aktuālo akcijas preču piedāvājumu aicinām iepazīties uz vietas veikalā!" class="tag i"></div>

        </div>

        <div class="info-notice">
            


                                                                            </div>

        <div class="img">
          <img alt="Veļas mīkst.COCCOLINO Sensit.68m.r.1,7L" src="/uploads/sale/2025/sales_page/10/29//velas-mikst-coccolino-sensit-68m-r-1-7l-00735-0210095521.png?1770710121">
        </div>
        <div class="text paldies-card      ">
            <div class="title">Veļas mīkst.COCCOLINO Sensit.68m.r.1,7L</div>
            <div class="pack">
                <span class="ptitle"></span>
                <span class="price"> 4.82 €/l</span>
            </div>
                    </div>
        <div class="infopop">
            <div class="in"><span></span>
                <div class="arrow_top"></div>
                <div class="arrow_bottom"></div>
            </div>
        </div>
    </div>
</div><div class="col-third offer-item">
    <div class="item bl_shadow product-237427 paldies-card  offer-2-l-sp-sku units-price        " data-product-id="237427" data-timeout="77" data-dates-interval="30.07.2024. - 29.04.2026." tabindex="0" role="button">
                                                    <div class="discount price with-unit-price ">
                                                                            <div class="paldies-card-icon with-unit-price">
                        <img src="/images/front/icons/paldies2-icon.png" alt="Paldies">
                    </div>
                                                                
                    <div class="t1 with-unit-price paldies-card">
            <span class="value">5</span>
            <span class="cents">29</span>
            <span class="eur">€</span>
            <span class="unit-price">3.11 €/l</span>
        </div>
                    <div class="t2">
                <span class="value">8,19</span>
                <span class="eur">€</span>
            </div>
            <div class="t3 with-unit-price">
                <span class="value">8</span>
                <span class="cents">19</span>
                <span class="eur">€</span>
                <span class="unit-price">4.82 €/l</span>            </div>
            
    <span class="vline"></span>
</div>                    		
        
        
        <div class="tags tags_primary bottom_icons">
                                                            
                                <div data-alt="Atlaide ar PALDIES karti" class="tag tag-soap-2 " style="background-image: url('/uploads/sale/atlaide-ar-paldies-karti-7358.png');                     ">
                </div>
                                                                            
                                <div data-alt="CENU LĪDERI" class="tag tag-soap-29 " style="background-image: url('/uploads/sale/cenu-lideri-6010.png');                     ">
                </div>
                            
                    </div>
        <div class="tags tags_primary info_icon">
            
    <div data-alt="Preču piedāvājums atšķirīgs Maxima veikalos, ar aktuālo akcijas preču piedāvājumu aicinām iepazīties uz vietas veikalā!" class="tag i"></div>

        </div>

        <div class="info-notice">
            


                                                                            </div>

        <div class="img">
          <img alt="Veļas mīkstin.COCCOLINO Blue 68m.r.1,7L" src="/uploads/sale/2025/sales_page/10/29//velas-mikstin-coccolino-blue-68m-r-1-7l-00736-0210095521.png?1770710121">
        </div>
        <div class="text paldies-card      ">
            <div class="title">Veļas mīkstin.COCCOLINO Blue 68m.r.1,7L</div>
            <div class="pack">
                <span class="ptitle"></span>
                <span class="price"> 4.82 €/l</span>
            </div>
                    </div>
        <div class="infopop">
            <div class="in"><span></span>
                <div class="arrow_top"></div>
                <div class="arrow_bottom"></div>
            </div>
        </div>
    </div>
</div><div class="col-third offer-item">
    <div class="item bl_shadow product-237428 paldies-card  offer-2-l-sp-sku units-price        " data-product-id="237428" data-timeout="77" data-dates-interval="30.07.2024. - 29.04.2026." tabindex="0" role="button">
                                                    <div class="discount price with-unit-price ">
                                                                            <div class="paldies-card-icon with-unit-price">
                        <img src="/images/front/icons/paldies2-icon.png" alt="Paldies">
                    </div>
                                                                
                    <div class="t1 with-unit-price paldies-card">
            <span class="value">5</span>
            <span class="cents">29</span>
            <span class="eur">€</span>
            <span class="unit-price">3.11 €/l</span>
        </div>
                    <div class="t2">
                <span class="value">8,19</span>
                <span class="eur">€</span>
            </div>
            <div class="t3 with-unit-price">
                <span class="value">8</span>
                <span class="cents">19</span>
                <span class="eur">€</span>
                <span class="unit-price">4.82 €/l</span>            </div>
            
    <span class="vline"></span>
</div>                    		
        
        
        <div class="tags tags_primary bottom_icons">
                                                            
                                <div data-alt="Atlaide ar PALDIES karti" class="tag tag-soap-2 " style="background-image: url('/uploads/sale/atlaide-ar-paldies-karti-7358.png');                     ">
                </div>
                                                                            
                                <div data-alt="CENU LĪDERI" class="tag tag-soap-29 " style="background-image: url('/uploads/sale/cenu-lideri-6010.png');                     ">
                </div>
                            
                    </div>
        <div class="tags tags_primary info_icon">
            
    <div data-alt="Preču piedāvājums atšķirīgs Maxima veikalos, ar aktuālo akcijas preču piedāvājumu aicinām iepazīties uz vietas veikalā!" class="tag i"></div>

        </div>

        <div class="info-notice">
            


                                                                            </div>

        <div class="img">
          <img alt="Veļas mīkstin.COCCOLINO Lily 68m.r.1,7L" src="/uploads/sale/2025/sales_page/10/29//velas-mikstin-coccolino-lily-68m-r-1-7l-00737-0210095521.png?1770710121">
        </div>
        <div class="text paldies-card      ">
            <div class="title">Veļas mīkstin.COCCOLINO Lily 68m.r.1,7L</div>
            <div class="pack">
                <span class="ptitle"></span>
                <span class="price"> 4.82 €/l</span>
            </div>
                    </div>
        <div class="infopop">
            <div class="in"><span></span>
                <div class="arrow_top"></div>
                <div class="arrow_bottom"></div>
            </div>
        </div>
    </div>
</div><div class="col-third offer-item">
    <div class="item bl_shadow product-237430 paldies-card  offer-2-l-sp-sku units-price        " data-product-id="237430" data-timeout="77" data-dates-interval="30.07.2024. - 29.04.2026." tabindex="0" role="button">
                                                    <div class="discount price with-unit-price ">
                                                                            <div class="paldies-card-icon with-unit-price">
                        <img src="/images/front/icons/paldies2-icon.png" alt="Paldies">
                    </div>
                                                                
                    <div class="t1 with-unit-price paldies-card">
            <span class="value">18</span>
            <span class="cents">99</span>
            <span class="eur">€</span>
            <span class="unit-price">4.80 €/l</span>
        </div>
                    <div class="t2">
                <span class="value">34,99</span>
                <span class="eur">€</span>
            </div>
            <div class="t3 with-unit-price">
                <span class="value">34</span>
                <span class="cents">99</span>
                <span class="eur">€</span>
                <span class="unit-price">9.72 €/l</span>            </div>
            
    <span class="vline"></span>
</div>                    		
        
        
        <div class="tags tags_primary bottom_icons">
                                                            
                                <div data-alt="Atlaide ar PALDIES karti" class="tag tag-soap-2 " style="background-image: url('/uploads/sale/atlaide-ar-paldies-karti-7358.png');                     ">
                </div>
                                                                            
                                <div data-alt="CENU LĪDERI" class="tag tag-soap-29 " style="background-image: url('/uploads/sale/cenu-lideri-6010.png');                     ">
                </div>
                            
                    </div>
        <div class="tags tags_primary info_icon">
            
    <div data-alt="Preču piedāvājums atšķirīgs Maxima veikalos, ar aktuālo akcijas preču piedāvājumu aicinām iepazīties uz vietas veikalā!" class="tag i"></div>

        </div>

        <div class="info-notice">
            


                                                                            </div>

        <div class="img">
          <img alt="Veļ.mazg.līdz.PERSIL Lav.Col. 80m.r.3,6L" src="/uploads/sale/2025/sales_page/10/29//vel-mazg-lidz-persil-lav-col-80m-r-3-6l-00739-0210094017.png?1770709217">
        </div>
        <div class="text paldies-card      ">
            <div class="title">Veļ.mazg.līdz.PERSIL Lav.Col. 80m.r.3,6L</div>
            <div class="pack">
                <span class="ptitle"></span>
                <span class="price"> 9.72 €/l</span>
            </div>
                    </div>
        <div class="infopop">
            <div class="in"><span></span>
                <div class="arrow_top"></div>
                <div class="arrow_bottom"></div>
            </div>
        </div>
    </div>
</div><div class="col-third offer-item">
    <div class="item bl_shadow product-237431 paldies-card  offer-2-l-sp-sku units-price        " data-product-id="237431" data-timeout="77" data-dates-interval="30.07.2024. - 29.04.2026." tabindex="0" role="button">
                                                    <div class="discount price with-unit-price ">
                                                                            <div class="paldies-card-icon with-unit-price">
                        <img src="/images/front/icons/paldies2-icon.png" alt="Paldies">
                    </div>
                                                                
                    <div class="t1 with-unit-price paldies-card">
            <span class="value">6</span>
            <span class="cents">99</span>
            <span class="eur">€</span>
            <span class="unit-price">6.35 €/kg</span>
        </div>
                    <div class="t2">
                <span class="value">9,99</span>
                <span class="eur">€</span>
            </div>
            <div class="t3 with-unit-price">
                <span class="value">9</span>
                <span class="cents">99</span>
                <span class="eur">€</span>
                <span class="unit-price">9.08 €/kg</span>            </div>
            
    <span class="vline"></span>
</div>                    		
        
        
        <div class="tags tags_primary bottom_icons">
                                                            
                                <div data-alt="Atlaide ar PALDIES karti" class="tag tag-soap-2 " style="background-image: url('/uploads/sale/atlaide-ar-paldies-karti-7358.png');                     ">
                </div>
                                                                            
                                <div data-alt="CENU LĪDERI" class="tag tag-soap-29 " style="background-image: url('/uploads/sale/cenu-lideri-6010.png');                     ">
                </div>
                            
                    </div>
        <div class="tags tags_primary info_icon">
            
    <div data-alt="Preču piedāvājums atšķirīgs Maxima veikalos, ar aktuālo akcijas preču piedāvājumu aicinām iepazīties uz vietas veikalā!" class="tag i"></div>

        </div>

        <div class="info-notice">
            


                                                                            </div>

        <div class="img">
          <img alt="Veļas pulveris PERSIL Color 20m.r. 1,1kg" src="/uploads/sale/2025/sales_page/10/29//velas-pulveris-persil-color-20m-r-1-1kg-00740-1029180526.png?1761753926">
        </div>
        <div class="text paldies-card      ">
            <div class="title">Veļas pulveris PERSIL Color 20m.r. 1,1kg</div>
            <div class="pack">
                <span class="ptitle"></span>
                <span class="price"> 9.08 €/kg</span>
            </div>
                    </div>
        <div class="infopop">
            <div class="in"><span></span>
                <div class="arrow_top"></div>
                <div class="arrow_bottom"></div>
            </div>
        </div>
    </div>
</div><div class="col-third offer-item">
    <div class="item bl_shadow product-237442 paldies-card  offer-2-l-sp-sku units-price        " data-product-id="237442" data-timeout="77" data-dates-interval="30.07.2024. - 29.04.2026." tabindex="0" role="button">
                                                    <div class="discount price with-unit-price ">
                                                                            <div class="paldies-card-icon with-unit-price">
                        <img src="/images/front/icons/paldies2-icon.png" alt="Paldies">
                    </div>
                                                                
                    <div class="t1 with-unit-price paldies-card">
            <span class="value">18</span>
            <span class="cents">99</span>
            <span class="eur">€</span>
            <span class="unit-price">4.80 €/l</span>
        </div>
                    <div class="t2">
                <span class="value">34,99</span>
                <span class="eur">€</span>
            </div>
            <div class="t3 with-unit-price">
                <span class="value">34</span>
                <span class="cents">99</span>
                <span class="eur">€</span>
                <span class="unit-price">8.84 €/l</span>            </div>
            
    <span class="vline"></span>
</div>                    		
        
        
        <div class="tags tags_primary bottom_icons">
                                                            
                                <div data-alt="Atlaide ar PALDIES karti" class="tag tag-soap-2 " style="background-image: url('/uploads/sale/atlaide-ar-paldies-karti-7358.png');                     ">
                </div>
                                                                            
                                <div data-alt="CENU LĪDERI" class="tag tag-soap-29 " style="background-image: url('/uploads/sale/cenu-lideri-6010.png');                     ">
                </div>
                            
                    </div>
        <div class="tags tags_primary info_icon">
            
    <div data-alt="Preču piedāvājums atšķirīgs Maxima veikalos, ar aktuālo akcijas preču piedāvājumu aicinām iepazīties uz vietas veikalā!" class="tag i"></div>

        </div>

        <div class="info-notice">
            


                                                                            </div>

        <div class="img">
          <img alt="Veļ.mazg.līdz.PERSIL Regular 88m.r.3,96L" src="/uploads/sale/2025/sales_page/10/29//vel-mazg-lidz-persil-regular-88m-r-3-96l-00741-0210094017.png?1770709217">
        </div>
        <div class="text paldies-card      ">
            <div class="title">Veļ.mazg.līdz.PERSIL Regular 88m.r.3,96L</div>
            <div class="pack">
                <span class="ptitle"></span>
                <span class="price"> 8.84 €/l</span>
            </div>
                    </div>
        <div class="infopop">
            <div class="in"><span></span>
                <div class="arrow_top"></div>
                <div class="arrow_bottom"></div>
            </div>
        </div>
    </div>
</div><div class="col-third offer-item">
    <div class="item bl_shadow product-237366 paldies-card  offer-2-l-sp-sku units-price        " data-product-id="237366" data-timeout="77" data-dates-interval="30.07.2024. - 29.04.2026." tabindex="0" role="button">
                                                    <div class="discount price with-unit-price ">
                                                                            <div class="paldies-card-icon with-unit-price">
                        <img src="/images/front/icons/paldies2-icon.png" alt="Paldies">
                    </div>
                                                                
                    <div class="t1 with-unit-price paldies-card">
            <span class="value">8</span>
            <span class="cents">99</span>
            <span class="eur">€</span>
            <span class="unit-price">3.14 €/l</span>
        </div>
                    <div class="t2">
                <span class="value">13,29</span>
                <span class="eur">€</span>
            </div>
            <div class="t3 with-unit-price">
                <span class="value">13</span>
                <span class="cents">29</span>
                <span class="eur">€</span>
                <span class="unit-price">4.65 €/l</span>            </div>
            
    <span class="vline"></span>
</div>                    		
        
        
        <div class="tags tags_primary bottom_icons">
                                                            
                                <div data-alt="Atlaide ar PALDIES karti" class="tag tag-soap-2 " style="background-image: url('/uploads/sale/atlaide-ar-paldies-karti-7358.png');                     ">
                </div>
                                                                            
                                <div data-alt="CENU LĪDERI" class="tag tag-soap-29 " style="background-image: url('/uploads/sale/cenu-lideri-6010.png');                     ">
                </div>
                            
                    </div>
        <div class="tags tags_primary info_icon">
            
    <div data-alt="Preču piedāvājums atšķirīgs Maxima veikalos, ar aktuālo akcijas preču piedāvājumu aicinām iepazīties uz vietas veikalā!" class="tag i"></div>

        </div>

        <div class="info-notice">
            


                                                                            </div>

        <div class="img">
          <img alt="Veļas mīkst.SILAN Sensitive 130m.r.2,86L" src="/uploads/sale/2025/sales_page/10/29//velas-mikst-silan-sensitive-130m-r-2-86l-00720-1029180112.png?1761753672">
        </div>
        <div class="text paldies-card      ">
            <div class="title">Veļas mīkst.SILAN Sensitive 130m.r.2,86L</div>
            <div class="pack">
                <span class="ptitle"></span>
                <span class="price"> 4.65 €/l</span>
            </div>
                    </div>
        <div class="infopop">
            <div class="in"><span></span>
                <div class="arrow_top"></div>
                <div class="arrow_bottom"></div>
            </div>
        </div>
    </div>
</div><div class="col-third offer-item">
    <div class="item bl_shadow product-237367 paldies-card  offer-2-l-sp-sku units-price        " data-product-id="237367" data-timeout="77" data-dates-interval="01.08.2024. - 29.04.2026." tabindex="0" role="button">
                                                    <div class="discount price with-unit-price ">
                                                                            <div class="paldies-card-icon with-unit-price">
                        <img src="/images/front/icons/paldies2-icon.png" alt="Paldies">
                    </div>
                                                                                                                                
                    <div class="t1 with-unit-price paldies-card">
            <span class="value">5</span>
            <span class="cents">69</span>
            <span class="eur">€</span>
            <span class="unit-price">3.16 €/l</span>
        </div>
                    <div class="t2">
                <span class="value">10,49</span>
                <span class="eur">€</span>
            </div>
            <div class="t3 with-unit-price">
                <span class="value">10</span>
                <span class="cents">49</span>
                <span class="eur">€</span>
                <span class="unit-price">5.83 €/l</span>            </div>
            
    <span class="vline"></span>
</div>                    		
        
        
        <div class="tags tags_primary bottom_icons">
                                                            
                                <div data-alt="Atlaide ar PALDIES karti" class="tag tag-soap-2 " style="background-image: url('/uploads/sale/atlaide-ar-paldies-karti-7358.png');                     ">
                </div>
                                                                            
                                <div data-alt="Prece pieejama MAXIMA XX veikalos" class="tag tag-soap-3 tag-shops" style="background-image: url('/uploads/sale/piedavajums-speka-maxima-xx-veikalos-6057.png');                     ">
                </div>
                                                                            
                                <div data-alt="Prece pieejama MAXIMA XXX veikalos" class="tag tag-soap-4 tag-shops" style="background-image: url('/uploads/sale/piedavajums-speka-maxima-xxx-veikalos-3117.png');                     ">
                </div>
                                                                            
                                <div data-alt="CENU LĪDERI" class="tag tag-soap-29 " style="background-image: url('/uploads/sale/cenu-lideri-6010.png');                     ">
                </div>
                            
                    </div>
        <div class="tags tags_primary info_icon">
            
    <div data-alt="Preču piedāvājums atšķirīgs Maxima veikalos, ar aktuālo akcijas preču piedāvājumu aicinām iepazīties uz vietas veikalā!" class="tag i"></div>

        </div>

        <div class="info-notice">
            


                                                                                                                                    </div>

        <div class="img">
          <img alt="V.mazg.līdz.WOOLITE Col.Fruity30m.r.1,8L" src="/uploads/sale/2025/sales_page/10/29//v-mazg-lidz-woolite-col-fruity30m-r-1-8l-00721-0210094017.png?1770709217">
        </div>
        <div class="text paldies-card      ">
            <div class="title">V.mazg.līdz.WOOLITE Col.Fruity30m.r.1,8L</div>
            <div class="pack">
                <span class="ptitle"></span>
                <span class="price"> 5.83 €/l</span>
            </div>
                    </div>
        <div class="infopop">
            <div class="in"><span></span>
                <div class="arrow_top"></div>
                <div class="arrow_bottom"></div>
            </div>
        </div>
    </div>
</div><div class="col-third offer-item">
    <div class="item bl_shadow product-237368 paldies-card  offer-2-l-sp-sku units-price        " data-product-id="237368" data-timeout="77" data-dates-interval="30.01.2025. - 29.04.2026." tabindex="0" role="button">
                                                    <div class="discount price with-unit-price ">
                                                                            <div class="paldies-card-icon with-unit-price">
                        <img src="/images/front/icons/paldies2-icon.png" alt="Paldies">
                    </div>
                                                                
                    <div class="t1 with-unit-price paldies-card">
            <span class="value">3</span>
            <span class="cents">99</span>
            <span class="eur">€</span>
            <span class="unit-price">7.98 €/l</span>
        </div>
                    <div class="t2">
                <span class="value">5,95</span>
                <span class="eur">€</span>
            </div>
            <div class="t3 with-unit-price">
                <span class="value">5</span>
                <span class="cents">95</span>
                <span class="eur">€</span>
                <span class="unit-price">11.90 €/l</span>            </div>
            
    <span class="vline"></span>
</div>                    		
        
        
        <div class="tags tags_primary bottom_icons">
                                                            
                                <div data-alt="Atlaide ar PALDIES karti" class="tag tag-soap-2 " style="background-image: url('/uploads/sale/atlaide-ar-paldies-karti-7358.png');                     ">
                </div>
                                                                            
                                <div data-alt="CENU LĪDERI" class="tag tag-soap-29 " style="background-image: url('/uploads/sale/cenu-lideri-6010.png');                     ">
                </div>
                            
                    </div>
        <div class="tags tags_primary info_icon">
            
    <div data-alt="Preču piedāvājums atšķirīgs Maxima veikalos, ar aktuālo akcijas preču piedāvājumu aicinām iepazīties uz vietas veikalā!" class="tag i"></div>

        </div>

        <div class="info-notice">
            


                                                                            </div>

        <div class="img">
          <img alt="Matu maska REVIVOR Betula 500ml" src="/uploads/sale/2025/sales_page/10/29//matu-maska-revivor-betula-500ml-00722-1029180523.png?1761753923">
        </div>
        <div class="text paldies-card      ">
            <div class="title">Matu maska REVIVOR Betula 500ml</div>
            <div class="pack">
                <span class="ptitle"></span>
                <span class="price"> 11.90 €/l</span>
            </div>
                    </div>
        <div class="infopop">
            <div class="in"><span></span>
                <div class="arrow_top"></div>
                <div class="arrow_bottom"></div>
            </div>
        </div>
    </div>
</div><div class="col-third offer-item">
    <div class="item bl_shadow product-237369 paldies-card  offer-2-l-sp-sku units-price        " data-product-id="237369" data-timeout="77" data-dates-interval="30.07.2024. - 29.04.2026." tabindex="0" role="button">
                                                    <div class="discount price with-unit-price ">
                                                                            <div class="paldies-card-icon with-unit-price">
                        <img src="/images/front/icons/paldies2-icon.png" alt="Paldies">
                    </div>
                                                                
                    <div class="t1 with-unit-price paldies-card">
            <span class="value">1</span>
            <span class="cents">29</span>
            <span class="eur">€</span>
            <span class="unit-price">1.29 €/l</span>
        </div>
                    <div class="t2">
                <span class="value">1,79</span>
                <span class="eur">€</span>
            </div>
            <div class="t3 with-unit-price">
                <span class="value">1</span>
                <span class="cents">79</span>
                <span class="eur">€</span>
                <span class="unit-price">1.79 €/l</span>            </div>
            
    <span class="vline"></span>
</div>                    		
        
        
        <div class="tags tags_primary bottom_icons">
                                                            
                                <div data-alt="Atlaide ar PALDIES karti" class="tag tag-soap-2 " style="background-image: url('/uploads/sale/atlaide-ar-paldies-karti-7358.png');                     ">
                </div>
                                                                            
                                <div data-alt="CENU LĪDERI" class="tag tag-soap-29 " style="background-image: url('/uploads/sale/cenu-lideri-6010.png');                     ">
                </div>
                            
                    </div>
        <div class="tags tags_primary info_icon">
            
    <div data-alt="Preču piedāvājums atšķirīgs Maxima veikalos, ar aktuālo akcijas preču piedāvājumu aicinām iepazīties uz vietas veikalā!" class="tag i"></div>

        </div>

        <div class="info-notice">
            


                                                                            </div>

        <div class="img">
          <img alt="Veļas balinātājs MAYERI Liilia 1L" src="/uploads/sale/2025/sales_page/10/29//velas-balinatajs-mayeri-liilia-1l-00723-1029180523.png?1761753923">
        </div>
        <div class="text paldies-card      ">
            <div class="title">Veļas balinātājs MAYERI Liilia 1L</div>
            <div class="pack">
                <span class="ptitle"></span>
                <span class="price"> 1.79 €/l</span>
            </div>
                    </div>
        <div class="infopop">
            <div class="in"><span></span>
                <div class="arrow_top"></div>
                <div class="arrow_bottom"></div>
            </div>
        </div>
    </div>
</div><div class="col-third offer-item">
    <div class="item bl_shadow product-237372 paldies-card  offer-2-l-sp-sku units-price        " data-product-id="237372" data-timeout="77" data-dates-interval="30.01.2025. - 29.04.2026." tabindex="0" role="button">
                                                    <div class="discount price with-unit-price ">
                                                                            <div class="paldies-card-icon with-unit-price">
                        <img src="/images/front/icons/paldies2-icon.png" alt="Paldies">
                    </div>
                                                                
                    <div class="t1 with-unit-price paldies-card">
            <span class="value">1</span>
            <span class="cents">39</span>
            <span class="eur">€</span>
            <span class="unit-price">0.02 €/kg</span>
        </div>
                    <div class="t2">
                <span class="value">2,09</span>
                <span class="eur">€</span>
            </div>
            <div class="t3 with-unit-price">
                <span class="value">2</span>
                <span class="cents">09</span>
                <span class="eur">€</span>
                <span class="unit-price">23.22 €/kg</span>            </div>
            
    <span class="vline"></span>
</div>                    		
        
        
        <div class="tags tags_primary bottom_icons">
                                                            
                                <div data-alt="Atlaide ar PALDIES karti" class="tag tag-soap-2 " style="background-image: url('/uploads/sale/atlaide-ar-paldies-karti-7358.png');                     ">
                </div>
                                                                            
                                <div data-alt="CENU LĪDERI" class="tag tag-soap-29 " style="background-image: url('/uploads/sale/cenu-lideri-6010.png');                     ">
                </div>
                            
                    </div>
        <div class="tags tags_primary info_icon">
            
    <div data-alt="Preču piedāvājums atšķirīgs Maxima veikalos, ar aktuālo akcijas preču piedāvājumu aicinām iepazīties uz vietas veikalā!" class="tag i"></div>

        </div>

        <div class="info-notice">
            


                                                                            </div>

        <div class="img">
          <img alt="Tual.bloks skal.tvertnei KOLORADO 2x45g" src="/uploads/sale/2025/sales_page/10/29//tual-bloks-skal-tvertnei-kolorado-2x45g-00724-0210091018.png?1770707418">
        </div>
        <div class="text paldies-card      ">
            <div class="title">Tual.bloks skal.tvertnei KOLORADO 2x45g</div>
            <div class="pack">
                <span class="ptitle"></span>
                <span class="price"> 23.22 €/kg</span>
            </div>
                    </div>
        <div class="infopop">
            <div class="in"><span></span>
                <div class="arrow_top"></div>
                <div class="arrow_bottom"></div>
            </div>
        </div>
    </div>
</div><div class="col-third offer-item">
    <div class="item bl_shadow product-237373 paldies-card  offer-2-l-sp-sku units-price        " data-product-id="237373" data-timeout="77" data-dates-interval="01.08.2024. - 29.04.2026." tabindex="0" role="button">
                                                    <div class="discount price with-unit-price ">
                                                                            <div class="paldies-card-icon with-unit-price">
                        <img src="/images/front/icons/paldies2-icon.png" alt="Paldies">
                    </div>
                                                                                                                                
                    <div class="t1 with-unit-price paldies-card">
            <span class="value">1</span>
            <span class="cents">99</span>
            <span class="eur">€</span>
            <span class="unit-price">0.02 €/gab</span>
        </div>
                    <div class="t2">
                <span class="value">3,99</span>
                <span class="eur">€</span>
            </div>
            <div class="t3 with-unit-price">
                <span class="value">3</span>
                <span class="cents">99</span>
                <span class="eur">€</span>
                <span class="unit-price">0.03 €/gab</span>            </div>
            
    <span class="vline"></span>
</div>                    		
        
        
        <div class="tags tags_primary bottom_icons">
                                                            
                                <div data-alt="Atlaide ar PALDIES karti" class="tag tag-soap-2 " style="background-image: url('/uploads/sale/atlaide-ar-paldies-karti-7358.png');                     ">
                </div>
                                                                            
                                <div data-alt="Prece pieejama MAXIMA XX veikalos" class="tag tag-soap-3 tag-shops" style="background-image: url('/uploads/sale/piedavajums-speka-maxima-xx-veikalos-6057.png');                     ">
                </div>
                                                                            
                                <div data-alt="Prece pieejama MAXIMA XXX veikalos" class="tag tag-soap-4 tag-shops" style="background-image: url('/uploads/sale/piedavajums-speka-maxima-xxx-veikalos-3117.png');                     ">
                </div>
                                                                            
                                <div data-alt="CENU LĪDERI" class="tag tag-soap-29 " style="background-image: url('/uploads/sale/cenu-lideri-6010.png');                     ">
                </div>
                            
                    </div>
        <div class="tags tags_primary info_icon">
            
    <div data-alt="Preču piedāvājums atšķirīgs Maxima veikalos, ar aktuālo akcijas preču piedāvājumu aicinām iepazīties uz vietas veikalā!" class="tag i"></div>

        </div>

        <div class="info-notice">
            


                                                                                                                                    </div>

        <div class="img">
          <img alt="Papīra dvieļi ZEWA Premium 2k. 120lap." src="/uploads/sale/2025/sales_page/10/29//papira-dvieli-zewa-premium-2k-120lap-00725-1029180531.png?1761753931">
        </div>
        <div class="text paldies-card      ">
            <div class="title">Papīra dvieļi ZEWA Premium 2k. 120lap.</div>
            <div class="pack">
                <span class="ptitle"></span>
                <span class="price"> 0.03 €/gab</span>
            </div>
                    </div>
        <div class="infopop">
            <div class="in"><span></span>
                <div class="arrow_top"></div>
                <div class="arrow_bottom"></div>
            </div>
        </div>
    </div>
</div><div class="col-third offer-item">
    <div class="item bl_shadow product-237647 paldies-card  offer-2-l-sp-sku units-price        " data-product-id="237647" data-timeout="77" data-dates-interval="30.10.2025. - 29.04.2026." tabindex="0" role="button">
                                                    <div class="discount price with-unit-price ">
                                                                            <div class="paldies-card-icon with-unit-price">
                        <img src="/images/front/icons/paldies2-icon.png" alt="Paldies">
                    </div>
                                                                                                                                
                    <div class="t1 with-unit-price paldies-card">
            <span class="value">3</span>
            <span class="cents">79</span>
            <span class="eur">€</span>
            <span class="unit-price">15.16 €/l</span>
        </div>
                    <div class="t2">
                <span class="value">5,49</span>
                <span class="eur">€</span>
            </div>
            <div class="t3 with-unit-price">
                <span class="value">5</span>
                <span class="cents">49</span>
                <span class="eur">€</span>
                <span class="unit-price">21.96 €/l</span>            </div>
            
    <span class="vline"></span>
</div>                    		
        
        
        <div class="tags tags_primary bottom_icons">
                                                            
                                <div data-alt="Atlaide ar PALDIES karti" class="tag tag-soap-2 " style="background-image: url('/uploads/sale/atlaide-ar-paldies-karti-7358.png');                     ">
                </div>
                                                                            
                                <div data-alt="Prece pieejama MAXIMA XX veikalos" class="tag tag-soap-3 tag-shops" style="background-image: url('/uploads/sale/piedavajums-speka-maxima-xx-veikalos-6057.png');                     ">
                </div>
                                                                            
                                <div data-alt="Prece pieejama MAXIMA XXX veikalos" class="tag tag-soap-4 tag-shops" style="background-image: url('/uploads/sale/piedavajums-speka-maxima-xxx-veikalos-3117.png');                     ">
                </div>
                                                                            
                                <div data-alt="CENU LĪDERI" class="tag tag-soap-29 " style="background-image: url('/uploads/sale/cenu-lideri-6010.png');                     ">
                </div>
                            
                    </div>
        <div class="tags tags_primary info_icon">
            
    <div data-alt="Preču piedāvājums atšķirīgs Maxima veikalos, ar aktuālo akcijas preču piedāvājumu aicinām iepazīties uz vietas veikalā!" class="tag i"></div>

        </div>

        <div class="info-notice">
            


                                                                                                                                    </div>

        <div class="img">
          <img alt="Ķerm.kr.ORGANIC SHOP Lemon Macaron 250ml" src="/uploads/sale/2025/sales_page/10/31//kerm-kr-organic-shop-lemon-macaron-250ml-00732-1031101022.png?1761898222">
        </div>
        <div class="text paldies-card      ">
            <div class="title">Ķerm.kr.ORGANIC SHOP Lemon Macaron 250ml</div>
            <div class="pack">
                <span class="ptitle"></span>
                <span class="price"> 21.96 €/l</span>
            </div>
                    </div>
        <div class="infopop">
            <div class="in"><span></span>
                <div class="arrow_top"></div>
                <div class="arrow_bottom"></div>
            </div>
        </div>
    </div>
</div><div class="col-third offer-item">
    <div class="item bl_shadow product-237617 paldies-card  offer-2-l-sp-sku units-price        " data-product-id="237617" data-timeout="77" data-dates-interval="30.10.2025. - 29.04.2026." tabindex="0" role="button">
                                                    <div class="discount price with-unit-price ">
                                                                            <div class="paldies-card-icon with-unit-price">
                        <img src="/images/front/icons/paldies2-icon.png" alt="Paldies">
                    </div>
                                                                
                    <div class="t1 with-unit-price paldies-card">
            <span class="value">20</span>
            <span class="cents">99</span>
            <span class="eur">€</span>
            <span class="unit-price">0.34 €/gab</span>
        </div>
                    <div class="t2">
                <span class="value">39,99</span>
                <span class="eur">€</span>
            </div>
            <div class="t3 with-unit-price">
                <span class="value">39</span>
                <span class="cents">99</span>
                <span class="eur">€</span>
                <span class="unit-price">0.65 €/gab</span>            </div>
            
    <span class="vline"></span>
</div>                    		
        
        
        <div class="tags tags_primary bottom_icons">
                                                            
                                <div data-alt="Atlaide ar PALDIES karti" class="tag tag-soap-2 " style="background-image: url('/uploads/sale/atlaide-ar-paldies-karti-7358.png');                     ">
                </div>
                                                                            
                                <div data-alt="CENU LĪDERI" class="tag tag-soap-29 " style="background-image: url('/uploads/sale/cenu-lideri-6010.png');                     ">
                </div>
                            
                    </div>
        <div class="tags tags_primary info_icon">
            
    <div data-alt="Preču piedāvājums atšķirīgs Maxima veikalos, ar aktuālo akcijas preču piedāvājumu aicinām iepazīties uz vietas veikalā!" class="tag i"></div>

        </div>

        <div class="info-notice">
            


                                                                            </div>

        <div class="img">
          <img alt="Tr.mazg.maš.kaps.FINISH.Ult.Pl.Lem.62gb." src="/uploads/sale/2025/sales_page/10/31//tr-mazg-mas-kaps-finish-ult-pl-lem-62gb-00733-1031094028.png?1761896428">
        </div>
        <div class="text paldies-card      ">
            <div class="title">Tr.mazg.maš.kaps.FINISH.Ult.Pl.Lem.62gb.</div>
            <div class="pack">
                <span class="ptitle"></span>
                <span class="price"> 0.65 €/gab</span>
            </div>
                    </div>
        <div class="infopop">
            <div class="in"><span></span>
                <div class="arrow_top"></div>
                <div class="arrow_bottom"></div>
            </div>
        </div>
    </div>
</div><div class="col-third offer-item">
    <div class="item bl_shadow product-237425 paldies-card  offer-2-l-sp-sku units-price        " data-product-id="237425" data-timeout="77" data-dates-interval="30.01.2025. - 29.04.2026." tabindex="0" role="button">
                                                    <div class="discount price with-unit-price ">
                                                                            <div class="paldies-card-icon with-unit-price">
                        <img src="/images/front/icons/paldies2-icon.png" alt="Paldies">
                    </div>
                                                                                                
                    <div class="t1 with-unit-price paldies-card">
            <span class="value">1</span>
            <span class="cents">19</span>
            <span class="eur">€</span>
            <span class="unit-price">0.06 €/gab</span>
        </div>
                    <div class="t2">
                <span class="value">1,99</span>
                <span class="eur">€</span>
            </div>
            <div class="t3 with-unit-price">
                <span class="value">1</span>
                <span class="cents">99</span>
                <span class="eur">€</span>
                <span class="unit-price">0.10 €/gab</span>            </div>
            
    <span class="vline"></span>
</div>                    		
        
        
        <div class="tags tags_primary bottom_icons">
                                                            
                                <div data-alt="Atlaide ar PALDIES karti" class="tag tag-soap-2 " style="background-image: url('/uploads/sale/atlaide-ar-paldies-karti-7358.png');                     ">
                </div>
                                                                            
                                <div data-alt="Latvijas produkts" class="tag tag-soap-6 " style="background-image: url('/uploads/sale/latvijas-produkts-3559.png');                     ">
                </div>
                                                                            
                                <div data-alt="CENU LĪDERI" class="tag tag-soap-29 " style="background-image: url('/uploads/sale/cenu-lideri-6010.png');                     ">
                </div>
                            
                    </div>
        <div class="tags tags_primary info_icon">
            
    <div data-alt="Preču piedāvājums atšķirīgs Maxima veikalos, ar aktuālo akcijas preču piedāvājumu aicinām iepazīties uz vietas veikalā!" class="tag i"></div>

        </div>

        <div class="info-notice">
            


                                                                                                        </div>

        <div class="img">
          <img alt="Šķīst.tabletes HERB'S Vitamin C 20gab." src="/uploads/sale/2025/sales_page/10/29//skist-tabletes-herb-s-vitamin-c-20gab-00734-0210093018.png?1770708618">
        </div>
        <div class="text paldies-card      ">
            <div class="title">Šķīst.tabletes HERB'S Vitamin C 20gab.</div>
            <div class="pack">
                <span class="ptitle"></span>
                <span class="price"> 0.10 €/gab</span>
            </div>
                    </div>
        <div class="infopop">
            <div class="in"><span></span>
                <div class="arrow_top"></div>
                <div class="arrow_bottom"></div>
            </div>
        </div>
    </div>
</div><div class="col-third offer-item">
    <div class="item bl_shadow product-237426 paldies-card  offer-2-l-sp-sku units-price        " data-product-id="237426" data-timeout="77" data-dates-interval="30.07.2024. - 29.04.2026." tabindex="0" role="button">
                                                    <div class="discount price with-unit-price ">
                                                                            <div class="paldies-card-icon with-unit-price">
                        <img src="/images/front/icons/paldies2-icon.png" alt="Paldies">
                    </div>
                                                                
                    <div class="t1 with-unit-price paldies-card">
            <span class="value">5</span>
            <span class="cents">29</span>
            <span class="eur">€</span>
            <span class="unit-price">3.11 €/l</span>
        </div>
                    <div class="t2">
                <span class="value">8,19</span>
                <span class="eur">€</span>
            </div>
            <div class="t3 with-unit-price">
                <span class="value">8</span>
                <span class="cents">19</span>
                <span class="eur">€</span>
                <span class="unit-price">4.82 €/l</span>            </div>
            
    <span class="vline"></span>
</div>                    		
        
        
        <div class="tags tags_primary bottom_icons">
                                                            
                                <div data-alt="Atlaide ar PALDIES karti" class="tag tag-soap-2 " style="background-image: url('/uploads/sale/atlaide-ar-paldies-karti-7358.png');                     ">
                </div>
                                                                            
                                <div data-alt="CENU LĪDERI" class="tag tag-soap-29 " style="background-image: url('/uploads/sale/cenu-lideri-6010.png');                     ">
                </div>
                            
                    </div>
        <div class="tags tags_primary info_icon">
            
    <div data-alt="Preču piedāvājums atšķirīgs Maxima veikalos, ar aktuālo akcijas preču piedāvājumu aicinām iepazīties uz vietas veikalā!" class="tag i"></div>

        </div>

        <div class="info-notice">
            


                                                                            </div>

        <div class="img">
          <img alt="Veļas mīkst.COCCOLINO Sensit.68m.r.1,7L" src="/uploads/sale/2025/sales_page/10/29//velas-mikst-coccolino-sensit-68m-r-1-7l-00735-0210095521.png?1770710121">
        </div>
        <div class="text paldies-card      ">
            <div class="title">Veļas mīkst.COCCOLINO Sensit.68m.r.1,7L</div>
            <div class="pack">
                <span class="ptitle"></span>
                <span class="price"> 4.82 €/l</span>
            </div>
                    </div>
        <div class="infopop">
            <div class="in"><span></span>
                <div class="arrow_top"></div>
                <div class="arrow_bottom"></div>
            </div>
        </div>
    </div>
</div><div class="col-third offer-item">
    <div class="item bl_shadow product-237427 paldies-card  offer-2-l-sp-sku units-price        " data-product-id="237427" data-timeout="77" data-dates-interval="30.07.2024. - 29.04.2026." tabindex="0" role="button">
                                                    <div class="discount price with-unit-price ">
                                                                            <div class="paldies-card-icon with-unit-price">
                        <img src="/images/front/icons/paldies2-icon.png" alt="Paldies">
                    </div>
                                                                
                    <div class="t1 with-unit-price paldies-card">
            <span class="value">5</span>
            <span class="cents">29</span>
            <span class="eur">€</span>
            <span class="unit-price">3.11 €/l</span>
        </div>
                    <div class="t2">
                <span class="value">8,19</span>
                <span class="eur">€</span>
            </div>
            <div class="t3 with-unit-price">
                <span class="value">8</span>
                <span class="cents">19</span>
                <span class="eur">€</span>
                <span class="unit-price">4.82 €/l</span>            </div>
            
    <span class="vline"></span>
</div>                    		
        
        
        <div class="tags tags_primary bottom_icons">
                                                            
                                <div data-alt="Atlaide ar PALDIES karti" class="tag tag-soap-2 " style="background-image: url('/uploads/sale/atlaide-ar-paldies-karti-7358.png');                     ">
                </div>
                                                                            
                                <div data-alt="CENU LĪDERI" class="tag tag-soap-29 " style="background-image: url('/uploads/sale/cenu-lideri-6010.png');                     ">
                </div>
                            
                    </div>
        <div class="tags tags_primary info_icon">
            
    <div data-alt="Preču piedāvājums atšķirīgs Maxima veikalos, ar aktuālo akcijas preču piedāvājumu aicinām iepazīties uz vietas veikalā!" class="tag i"></div>

        </div>

        <div class="info-notice">
            


                                                                            </div>

        <div class="img">
          <img alt="Veļas mīkstin.COCCOLINO Blue 68m.r.1,7L" src="/uploads/sale/2025/sales_page/10/29//velas-mikstin-coccolino-blue-68m-r-1-7l-00736-0210095521.png?1770710121">
        </div>
        <div class="text paldies-card      ">
            <div class="title">Veļas mīkstin.COCCOLINO Blue 68m.r.1,7L</div>
            <div class="pack">
                <span class="ptitle"></span>
                <span class="price"> 4.82 €/l</span>
            </div>
                    </div>
        <div class="infopop">
            <div class="in"><span></span>
                <div class="arrow_top"></div>
                <div class="arrow_bottom"></div>
            </div>
        </div>
    </div>
</div><div class="col-third offer-item">
    <div class="item bl_shadow product-237428 paldies-card  offer-2-l-sp-sku units-price        " data-product-id="237428" data-timeout="77" data-dates-interval="30.07.2024. - 29.04.2026." tabindex="0" role="button">
                                                    <div class="discount price with-unit-price ">
                                                                            <div class="paldies-card-icon with-unit-price">
                        <img src="/images/front/icons/paldies2-icon.png" alt="Paldies">
                    </div>
                                                                
                    <div class="t1 with-unit-price paldies-card">
            <span class="value">5</span>
            <span class="cents">29</span>
            <span class="eur">€</span>
            <span class="unit-price">3.11 €/l</span>
        </div>
                    <div class="t2">
                <span class="value">8,19</span>
                <span class="eur">€</span>
            </div>
            <div class="t3 with-unit-price">
                <span class="value">8</span>
                <span class="cents">19</span>
                <span class="eur">€</span>
                <span class="unit-price">4.82 €/l</span>            </div>
            
    <span class="vline"></span>
</div>                    		
        
        
        <div class="tags tags_primary bottom_icons">
                                                            
                                <div data-alt="Atlaide ar PALDIES karti" class="tag tag-soap-2 " style="background-image: url('/uploads/sale/atlaide-ar-paldies-karti-7358.png');                     ">
                </div>
                                                                            
                                <div data-alt="CENU LĪDERI" class="tag tag-soap-29 " style="background-image: url('/uploads/sale/cenu-lideri-6010.png');                     ">
                </div>
                            
                    </div>
        <div class="tags tags_primary info_icon">
            
    <div data-alt="Preču piedāvājums atšķirīgs Maxima veikalos, ar aktuālo akcijas preču piedāvājumu aicinām iepazīties uz vietas veikalā!" class="tag i"></div>

        </div>

        <div class="info-notice">
            


                                                                            </div>

        <div class="img">
          <img alt="Veļas mīkstin.COCCOLINO Lily 68m.r.1,7L" src="/uploads/sale/2025/sales_page/10/29//velas-mikstin-coccolino-lily-68m-r-1-7l-00737-0210095521.png?1770710121">
        </div>
        <div class="text paldies-card      ">
            <div class="title">Veļas mīkstin.COCCOLINO Lily 68m.r.1,7L</div>
            <div class="pack">
                <span class="ptitle"></span>
                <span class="price"> 4.82 €/l</span>
            </div>
                    </div>
        <div class="infopop">
            <div class="in"><span></span>
                <div class="arrow_top"></div>
                <div class="arrow_bottom"></div>
            </div>
        </div>
    </div>
</div><div class="col-third offer-item">
    <div class="item bl_shadow product-237430 paldies-card  offer-2-l-sp-sku units-price        " data-product-id="237430" data-timeout="77" data-dates-interval="30.07.2024. - 29.04.2026." tabindex="0" role="button">
                                                    <div class="discount price with-unit-price ">
                                                                            <div class="paldies-card-icon with-unit-price">
                        <img src="/images/front/icons/paldies2-icon.png" alt="Paldies">
                    </div>
                                                                
                    <div class="t1 with-unit-price paldies-card">
            <span class="value">18</span>
            <span class="cents">99</span>
            <span class="eur">€</span>
            <span class="unit-price">4.80 €/l</span>
        </div>
                    <div class="t2">
                <span class="value">34,99</span>
                <span class="eur">€</span>
            </div>
            <div class="t3 with-unit-price">
                <span class="value">34</span>
                <span class="cents">99</span>
                <span class="eur">€</span>
                <span class="unit-price">9.72 €/l</span>            </div>
            
    <span class="vline"></span>
</div>                    		
        
        
        <div class="tags tags_primary bottom_icons">
                                                            
                                <div data-alt="Atlaide ar PALDIES karti" class="tag tag-soap-2 " style="background-image: url('/uploads/sale/atlaide-ar-paldies-karti-7358.png');                     ">
                </div>
                                                                            
                                <div data-alt="CENU LĪDERI" class="tag tag-soap-29 " style="background-image: url('/uploads/sale/cenu-lideri-6010.png');                     ">
                </div>
                            
                    </div>
        <div class="tags tags_primary info_icon">
            
    <div data-alt="Preču piedāvājums atšķirīgs Maxima veikalos, ar aktuālo akcijas preču piedāvājumu aicinām iepazīties uz vietas veikalā!" class="tag i"></div>

        </div>

        <div class="info-notice">
            


                                                                            </div>

        <div class="img">
          <img alt="Veļ.mazg.līdz.PERSIL Lav.Col. 80m.r.3,6L" src="/uploads/sale/2025/sales_page/10/29//vel-mazg-lidz-persil-lav-col-80m-r-3-6l-00739-0210094017.png?1770709217">
        </div>
        <div class="text paldies-card      ">
            <div class="title">Veļ.mazg.līdz.PERSIL Lav.Col. 80m.r.3,6L</div>
            <div class="pack">
                <span class="ptitle"></span>
                <span class="price"> 9.72 €/l</span>
            </div>
                    </div>
        <div class="infopop">
            <div class="in"><span></span>
                <div class="arrow_top"></div>
                <div class="arrow_bottom"></div>
            </div>
        </div>
    </div>
</div><div class="col-third offer-item">
    <div class="item bl_shadow product-237431 paldies-card  offer-2-l-sp-sku units-price        " data-product-id="237431" data-timeout="77" data-dates-interval="30.07.2024. - 29.04.2026." tabindex="0" role="button">
                                                    <div class="discount price with-unit-price ">
                                                                            <div class="paldies-card-icon with-unit-price">
                        <img src="/images/front/icons/paldies2-icon.png" alt="Paldies">
                    </div>
                                                                
                    <div class="t1 with-unit-price paldies-card">
            <span class="value">6</span>
            <span class="cents">99</span>
            <span class="eur">€</span>
            <span class="unit-price">6.35 €/kg</span>
        </div>
                    <div class="t2">
                <span class="value">9,99</span>
                <span class="eur">€</span>
            </div>
            <div class="t3 with-unit-price">
                <span class="value">9</span>
                <span class="cents">99</span>
                <span class="eur">€</span>
                <span class="unit-price">9.08 €/kg</span>            </div>
            
    <span class="vline"></span>
</div>                    		
        
        
        <div class="tags tags_primary bottom_icons">
                                                            
                                <div data-alt="Atlaide ar PALDIES karti" class="tag tag-soap-2 " style="background-image: url('/uploads/sale/atlaide-ar-paldies-karti-7358.png');                     ">
                </div>
                                                                            
                                <div data-alt="CENU LĪDERI" class="tag tag-soap-29 " style="background-image: url('/uploads/sale/cenu-lideri-6010.png');                     ">
                </div>
                            
                    </div>
        <div class="tags tags_primary info_icon">
            
    <div data-alt="Preču piedāvājums atšķirīgs Maxima veikalos, ar aktuālo akcijas preču piedāvājumu aicinām iepazīties uz vietas veikalā!" class="tag i"></div>

        </div>

        <div class="info-notice">
            


                                                                            </div>

        <div class="img">
          <img alt="Veļas pulveris PERSIL Color 20m.r. 1,1kg" src="/uploads/sale/2025/sales_page/10/29//velas-pulveris-persil-color-20m-r-1-1kg-00740-1029180526.png?1761753926">
        </div>
        <div class="text paldies-card      ">
            <div class="title">Veļas pulveris PERSIL Color 20m.r. 1,1kg</div>
            <div class="pack">
                <span class="ptitle"></span>
                <span class="price"> 9.08 €/kg</span>
            </div>
                    </div>
        <div class="infopop">
            <div class="in"><span></span>
                <div class="arrow_top"></div>
                <div class="arrow_bottom"></div>
            </div>
        </div>
    </div>
</div><div class="col-third offer-item">
    <div class="item bl_shadow product-237442 paldies-card  offer-2-l-sp-sku units-price        " data-product-id="237442" data-timeout="77" data-dates-interval="30.07.2024. - 29.04.2026." tabindex="0" role="button">
                                                    <div class="discount price with-unit-price ">
                                                                            <div class="paldies-card-icon with-unit-price">
                        <img src="/images/front/icons/paldies2-icon.png" alt="Paldies">
                    </div>
                                                                
                    <div class="t1 with-unit-price paldies-card">
            <span class="value">18</span>
            <span class="cents">99</span>
            <span class="eur">€</span>
            <span class="unit-price">4.80 €/l</span>
        </div>
                    <div class="t2">
                <span class="value">34,99</span>
                <span class="eur">€</span>
            </div>
            <div class="t3 with-unit-price">
                <span class="value">34</span>
                <span class="cents">99</span>
                <span class="eur">€</span>
                <span class="unit-price">8.84 €/l</span>            </div>
            
    <span class="vline"></span>
</div>                    		
        
        
        <div class="tags tags_primary bottom_icons">
                                                            
                                <div data-alt="Atlaide ar PALDIES karti" class="tag tag-soap-2 " style="background-image: url('/uploads/sale/atlaide-ar-paldies-karti-7358.png');                     ">
                </div>
                                                                            
                                <div data-alt="CENU LĪDERI" class="tag tag-soap-29 " style="background-image: url('/uploads/sale/cenu-lideri-6010.png');                     ">
                </div>
                            
                    </div>
        <div class="tags tags_primary info_icon">
            
    <div data-alt="Preču piedāvājums atšķirīgs Maxima veikalos, ar aktuālo akcijas preču piedāvājumu aicinām iepazīties uz vietas veikalā!" class="tag i"></div>

        </div>

        <div class="info-notice">
            


                                                                            </div>

        <div class="img">
          <img alt="Veļ.mazg.līdz.PERSIL Regular 88m.r.3,96L" src="/uploads/sale/2025/sales_page/10/29//vel-mazg-lidz-persil-regular-88m-r-3-96l-00741-0210094017.png?1770709217">
        </div>
        <div class="text paldies-card      ">
            <div class="title">Veļ.mazg.līdz.PERSIL Regular 88m.r.3,96L</div>
            <div class="pack">
                <span class="ptitle"></span>
                <span class="price"> 8.84 €/l</span>
            </div>
                    </div>
        <div class="infopop">
            <div class="in"><span></span>
                <div class="arrow_top"></div>
                <div class="arrow_bottom"></div>
            </div>
        </div>
    </div>
</div><div class="col-third offer-item">
    <div class="item bl_shadow product-237366 paldies-card  offer-2-l-sp-sku units-price        " data-product-id="237366" data-timeout="77" data-dates-interval="30.07.2024. - 29.04.2026." tabindex="0" role="button">
                                                    <div class="discount price with-unit-price ">
                                                                            <div class="paldies-card-icon with-unit-price">
                        <img src="/images/front/icons/paldies2-icon.png" alt="Paldies">
                    </div>
                                                                
                    <div class="t1 with-unit-price paldies-card">
            <span class="value">8</span>
            <span class="cents">99</span>
            <span class="eur">€</span>
            <span class="unit-price">3.14 €/l</span>
        </div>
                    <div class="t2">
                <span class="value">13,29</span>
                <span class="eur">€</span>
            </div>
            <div class="t3 with-unit-price">
                <span class="value">13</span>
                <span class="cents">29</span>
                <span class="eur">€</span>
                <span class="unit-price">4.65 €/l</span>            </div>
            
    <span class="vline"></span>
</div>                    		
        
        
        <div class="tags tags_primary bottom_icons">
                                                            
                                <div data-alt="Atlaide ar PALDIES karti" class="tag tag-soap-2 " style="background-image: url('/uploads/sale/atlaide-ar-paldies-karti-7358.png');                     ">
                </div>
                                                                            
                                <div data-alt="CENU LĪDERI" class="tag tag-soap-29 " style="background-image: url('/uploads/sale/cenu-lideri-6010.png');                     ">
                </div>
                            
                    </div>
        <div class="tags tags_primary info_icon">
            
    <div data-alt="Preču piedāvājums atšķirīgs Maxima veikalos, ar aktuālo akcijas preču piedāvājumu aicinām iepazīties uz vietas veikalā!" class="tag i"></div>

        </div>

        <div class="info-notice">
            


                                                                            </div>

        <div class="img">
          <img alt="Veļas mīkst.SILAN Sensitive 130m.r.2,86L" src="/uploads/sale/2025/sales_page/10/29//velas-mikst-silan-sensitive-130m-r-2-86l-00720-1029180112.png?1761753672">
        </div>
        <div class="text paldies-card      ">
            <div class="title">Veļas mīkst.SILAN Sensitive 130m.r.2,86L</div>
            <div class="pack">
                <span class="ptitle"></span>
                <span class="price"> 4.65 €/l</span>
            </div>
                    </div>
        <div class="infopop">
            <div class="in"><span></span>
                <div class="arrow_top"></div>
                <div class="arrow_bottom"></div>
            </div>
        </div>
    </div>
</div><div class="col-third offer-item">
    <div class="item bl_shadow product-237367 paldies-card  offer-2-l-sp-sku units-price        " data-product-id="237367" data-timeout="77" data-dates-interval="01.08.2024. - 29.04.2026." tabindex="0" role="button">
                                                    <div class="discount price with-unit-price ">
                                                                            <div class="paldies-card-icon with-unit-price">
                        <img src="/images/front/icons/paldies2-icon.png" alt="Paldies">
                    </div>
                                                                                                                                
                    <div class="t1 with-unit-price paldies-card">
            <span class="value">5</span>
            <span class="cents">69</span>
            <span class="eur">€</span>
            <span class="unit-price">3.16 €/l</span>
        </div>
                    <div class="t2">
                <span class="value">10,49</span>
                <span class="eur">€</span>
            </div>
            <div class="t3 with-unit-price">
                <span class="value">10</span>
                <span class="cents">49</span>
                <span class="eur">€</span>
                <span class="unit-price">5.83 €/l</span>            </div>
            
    <span class="vline"></span>
</div>                    		
        
        
        <div class="tags tags_primary bottom_icons">
                                                            
                                <div data-alt="Atlaide ar PALDIES karti" class="tag tag-soap-2 " style="background-image: url('/uploads/sale/atlaide-ar-paldies-karti-7358.png');                     ">
                </div>
                                                                            
                                <div data-alt="Prece pieejama MAXIMA XX veikalos" class="tag tag-soap-3 tag-shops" style="background-image: url('/uploads/sale/piedavajums-speka-maxima-xx-veikalos-6057.png');                     ">
                </div>
                                                                            
                                <div data-alt="Prece pieejama MAXIMA XXX veikalos" class="tag tag-soap-4 tag-shops" style="background-image: url('/uploads/sale/piedavajums-speka-maxima-xxx-veikalos-3117.png');                     ">
                </div>
                                                                            
                                <div data-alt="CENU LĪDERI" class="tag tag-soap-29 " style="background-image: url('/uploads/sale/cenu-lideri-6010.png');                     ">
                </div>
                            
                    </div>
        <div class="tags tags_primary info_icon">
            
    <div data-alt="Preču piedāvājums atšķirīgs Maxima veikalos, ar aktuālo akcijas preču piedāvājumu aicinām iepazīties uz vietas veikalā!" class="tag i"></div>

        </div>

        <div class="info-notice">
            


                                                                                                                                    </div>

        <div class="img">
          <img alt="V.mazg.līdz.WOOLITE Col.Fruity30m.r.1,8L" src="/uploads/sale/2025/sales_page/10/29//v-mazg-lidz-woolite-col-fruity30m-r-1-8l-00721-0210094017.png?1770709217">
        </div>
        <div class="text paldies-card      ">
            <div class="title">V.mazg.līdz.WOOLITE Col.Fruity30m.r.1,8L</div>
            <div class="pack">
                <span class="ptitle"></span>
                <span class="price"> 5.83 €/l</span>
            </div>
                    </div>
        <div class="infopop">
            <div class="in"><span></span>
                <div class="arrow_top"></div>
                <div class="arrow_bottom"></div>
            </div>
        </div>
    </div>
</div><div class="col-third offer-item">
    <div class="item bl_shadow product-237368 paldies-card  offer-2-l-sp-sku units-price        " data-product-id="237368" data-timeout="77" data-dates-interval="30.01.2025. - 29.04.2026." tabindex="0" role="button">
                                                    <div class="discount price with-unit-price ">
                                                                            <div class="paldies-card-icon with-unit-price">
                        <img src="/images/front/icons/paldies2-icon.png" alt="Paldies">
                    </div>
                                                                
                    <div class="t1 with-unit-price paldies-card">
            <span class="value">3</span>
            <span class="cents">99</span>
            <span class="eur">€</span>
            <span class="unit-price">7.98 €/l</span>
        </div>
                    <div class="t2">
                <span class="value">5,95</span>
                <span class="eur">€</span>
            </div>
            <div class="t3 with-unit-price">
                <span class="value">5</span>
                <span class="cents">95</span>
                <span class="eur">€</span>
                <span class="unit-price">11.90 €/l</span>            </div>
            
    <span class="vline"></span>
</div>                    		
        
        
        <div class="tags tags_primary bottom_icons">
                                                            
                                <div data-alt="Atlaide ar PALDIES karti" class="tag tag-soap-2 " style="background-image: url('/uploads/sale/atlaide-ar-paldies-karti-7358.png');                     ">
                </div>
                                                                            
                                <div data-alt="CENU LĪDERI" class="tag tag-soap-29 " style="background-image: url('/uploads/sale/cenu-lideri-6010.png');                     ">
                </div>
                            
                    </div>
        <div class="tags tags_primary info_icon">
            
    <div data-alt="Preču piedāvājums atšķirīgs Maxima veikalos, ar aktuālo akcijas preču piedāvājumu aicinām iepazīties uz vietas veikalā!" class="tag i"></div>

        </div>

        <div class="info-notice">
            


                                                                            </div>

        <div class="img">
          <img alt="Matu maska REVIVOR Betula 500ml" src="/uploads/sale/2025/sales_page/10/29//matu-maska-revivor-betula-500ml-00722-1029180523.png?1761753923">
        </div>
        <div class="text paldies-card      ">
            <div class="title">Matu maska REVIVOR Betula 500ml</div>
            <div class="pack">
                <span class="ptitle"></span>
                <span class="price"> 11.90 €/l</span>
            </div>
                    </div>
        <div class="infopop">
            <div class="in"><span></span>
                <div class="arrow_top"></div>
                <div class="arrow_bottom"></div>
            </div>
        </div>
    </div>
</div><div class="col-third offer-item">
    <div class="item bl_shadow product-237369 paldies-card  offer-2-l-sp-sku units-price        " data-product-id="237369" data-timeout="77" data-dates-interval="30.07.2024. - 29.04.2026." tabindex="0" role="button">
                                                    <div class="discount price with-unit-price ">
                                                                            <div class="paldies-card-icon with-unit-price">
                        <img src="/images/front/icons/paldies2-icon.png" alt="Paldies">
                    </div>
                                                                
                    <div class="t1 with-unit-price paldies-card">
            <span class="value">1</span>
            <span class="cents">29</span>
            <span class="eur">€</span>
            <span class="unit-price">1.29 €/l</span>
        </div>
                    <div class="t2">
                <span class="value">1,79</span>
                <span class="eur">€</span>
            </div>
            <div class="t3 with-unit-price">
                <span class="value">1</span>
                <span class="cents">79</span>
                <span class="eur">€</span>
                <span class="unit-price">1.79 €/l</span>            </div>
            
    <span class="vline"></span>
</div>                    		
        
        
        <div class="tags tags_primary bottom_icons">
                                                            
                                <div data-alt="Atlaide ar PALDIES karti" class="tag tag-soap-2 " style="background-image: url('/uploads/sale/atlaide-ar-paldies-karti-7358.png');                     ">
                </div>
                                                                            
                                <div data-alt="CENU LĪDERI" class="tag tag-soap-29 " style="background-image: url('/uploads/sale/cenu-lideri-6010.png');                     ">
                </div>
                            
                    </div>
        <div class="tags tags_primary info_icon">
            
    <div data-alt="Preču piedāvājums atšķirīgs Maxima veikalos, ar aktuālo akcijas preču piedāvājumu aicinām iepazīties uz vietas veikalā!" class="tag i"></div>

        </div>

        <div class="info-notice">
            


                                                                            </div>

        <div class="img">
          <img alt="Veļas balinātājs MAYERI Liilia 1L" src="/uploads/sale/2025/sales_page/10/29//velas-balinatajs-mayeri-liilia-1l-00723-1029180523.png?1761753923">
        </div>
        <div class="text paldies-card      ">
            <div class="title">Veļas balinātājs MAYERI Liilia 1L</div>
            <div class="pack">
                <span class="ptitle"></span>
                <span class="price"> 1.79 €/l</span>
            </div>
                    </div>
        <div class="infopop">
            <div class="in"><span></span>
                <div class="arrow_top"></div>
                <div class="arrow_bottom"></div>
            </div>
        </div>
    </div>
</div><div class="col-third offer-item">
    <div class="item bl_shadow product-237372 paldies-card  offer-2-l-sp-sku units-price        " data-product-id="237372" data-timeout="77" data-dates-interval="30.01.2025. - 29.04.2026." tabindex="0" role="button">
                                                    <div class="discount price with-unit-price ">
                                                                            <div class="paldies-card-icon with-unit-price">
                        <img src="/images/front/icons/paldies2-icon.png" alt="Paldies">
                    </div>
                                                                
                    <div class="t1 with-unit-price paldies-card">
            <span class="value">1</span>
            <span class="cents">39</span>
            <span class="eur">€</span>
            <span class="unit-price">0.02 €/kg</span>
        </div>
                    <div class="t2">
                <span class="value">2,09</span>
                <span class="eur">€</span>
            </div>
            <div class="t3 with-unit-price">
                <span class="value">2</span>
                <span class="cents">09</span>
                <span class="eur">€</span>
                <span class="unit-price">23.22 €/kg</span>            </div>
            
    <span class="vline"></span>
</div>                    		
        
        
        <div class="tags tags_primary bottom_icons">
                                                            
                                <div data-alt="Atlaide ar PALDIES karti" class="tag tag-soap-2 " style="background-image: url('/uploads/sale/atlaide-ar-paldies-karti-7358.png');                     ">
                </div>
                                                                            
                                <div data-alt="CENU LĪDERI" class="tag tag-soap-29 " style="background-image: url('/uploads/sale/cenu-lideri-6010.png');                     ">
                </div>
                            
                    </div>
        <div class="tags tags_primary info_icon">
            
    <div data-alt="Preču piedāvājums atšķirīgs Maxima veikalos, ar aktuālo akcijas preču piedāvājumu aicinām iepazīties uz vietas veikalā!" class="tag i"></div>

        </div>

        <div class="info-notice">
            


                                                                            </div>

        <div class="img">
          <img alt="Tual.bloks skal.tvertnei KOLORADO 2x45g" src="/uploads/sale/2025/sales_page/10/29//tual-bloks-skal-tvertnei-kolorado-2x45g-00724-0210091018.png?1770707418">
        </div>
        <div class="text paldies-card      ">
            <div class="title">Tual.bloks skal.tvertnei KOLORADO 2x45g</div>
            <div class="pack">
                <span class="ptitle"></span>
                <span class="price"> 23.22 €/kg</span>
            </div>
                    </div>
        <div class="infopop">
            <div class="in"><span></span>
                <div class="arrow_top"></div>
                <div class="arrow_bottom"></div>
            </div>
        </div>
    </div>
</div><div class="col-third offer-item">
    <div class="item bl_shadow product-237373 paldies-card  offer-2-l-sp-sku units-price        " data-product-id="237373" data-timeout="77" data-dates-interval="01.08.2024. - 29.04.2026." tabindex="0" role="button">
                                                    <div class="discount price with-unit-price ">
                                                                            <div class="paldies-card-icon with-unit-price">
                        <img src="/images/front/icons/paldies2-icon.png" alt="Paldies">
                    </div>
                                                                                                                                
                    <div class="t1 with-unit-price paldies-card">
            <span class="value">1</span>
            <span class="cents">99</span>
            <span class="eur">€</span>
            <span class="unit-price">0.02 €/gab</span>
        </div>
                    <div class="t2">
                <span class="value">3,99</span>
                <span class="eur">€</span>
            </div>
            <div class="t3 with-unit-price">
                <span class="value">3</span>
                <span class="cents">99</span>
                <span class="eur">€</span>
                <span class="unit-price">0.03 €/gab</span>            </div>
            
    <span class="vline"></span>
</div>                    		
        
        
        <div class="tags tags_primary bottom_icons">
                                                            
                                <div data-alt="Atlaide ar PALDIES karti" class="tag tag-soap-2 " style="background-image: url('/uploads/sale/atlaide-ar-paldies-karti-7358.png');                     ">
                </div>
                                                                            
                                <div data-alt="Prece pieejama MAXIMA XX veikalos" class="tag tag-soap-3 tag-shops" style="background-image: url('/uploads/sale/piedavajums-speka-maxima-xx-veikalos-6057.png');                     ">
                </div>
                                                                            
                                <div data-alt="Prece pieejama MAXIMA XXX veikalos" class="tag tag-soap-4 tag-shops" style="background-image: url('/uploads/sale/piedavajums-speka-maxima-xxx-veikalos-3117.png');                     ">
                </div>
                                                                            
                                <div data-alt="CENU LĪDERI" class="tag tag-soap-29 " style="background-image: url('/uploads/sale/cenu-lideri-6010.png');                     ">
                </div>
                            
                    </div>
        <div class="tags tags_primary info_icon">
            
    <div data-alt="Preču piedāvājums atšķirīgs Maxima veikalos, ar aktuālo akcijas preču piedāvājumu aicinām iepazīties uz vietas veikalā!" class="tag i"></div>

        </div>

        <div class="info-notice">
            


                                                                                                                                    </div>

        <div class="img">
          <img alt="Papīra dvieļi ZEWA Premium 2k. 120lap." src="/uploads/sale/2025/sales_page/10/29//papira-dvieli-zewa-premium-2k-120lap-00725-1029180531.png?1761753931">
        </div>
        <div class="text paldies-card      ">
            <div class="title">Papīra dvieļi ZEWA Premium 2k. 120lap.</div>
            <div class="pack">
                <span class="ptitle"></span>
                <span class="price"> 0.03 €/gab</span>
            </div>
                    </div>
        <div class="infopop">
            <div class="in"><span></span>
                <div class="arrow_top"></div>
                <div class="arrow_bottom"></div>
            </div>
        </div>
    </div>
</div><div class="col-third offer-item">
    <div class="item bl_shadow product-237647 paldies-card  offer-2-l-sp-sku units-price        " data-product-id="237647" data-timeout="77" data-dates-interval="30.10.2025. - 29.04.2026." tabindex="0" role="button">
                                                    <div class="discount price with-unit-price ">
                                                                            <div class="paldies-card-icon with-unit-price">
                        <img src="/images/front/icons/paldies2-icon.png" alt="Paldies">
                    </div>
                                                                                                                                
                    <div class="t1 with-unit-price paldies-card">
            <span class="value">3</span>
            <span class="cents">79</span>
            <span class="eur">€</span>
            <span class="unit-price">15.16 €/l</span>
        </div>
                    <div class="t2">
                <span class="value">5,49</span>
                <span class="eur">€</span>
            </div>
            <div class="t3 with-unit-price">
                <span class="value">5</span>
                <span class="cents">49</span>
                <span class="eur">€</span>
                <span class="unit-price">21.96 €/l</span>            </div>
            
    <span class="vline"></span>
</div>                    		
        
        
        <div class="tags tags_primary bottom_icons">
                                                            
                                <div data-alt="Atlaide ar PALDIES karti" class="tag tag-soap-2 " style="background-image: url('/uploads/sale/atlaide-ar-paldies-karti-7358.png');                     ">
                </div>
                                                                            
                                <div data-alt="Prece pieejama MAXIMA XX veikalos" class="tag tag-soap-3 tag-shops" style="background-image: url('/uploads/sale/piedavajums-speka-maxima-xx-veikalos-6057.png');                     ">
                </div>
                                                                            
                                <div data-alt="Prece pieejama MAXIMA XXX veikalos" class="tag tag-soap-4 tag-shops" style="background-image: url('/uploads/sale/piedavajums-speka-maxima-xxx-veikalos-3117.png');                     ">
                </div>
                                                                            
                                <div data-alt="CENU LĪDERI" class="tag tag-soap-29 " style="background-image: url('/uploads/sale/cenu-lideri-6010.png');                     ">
                </div>
                            
                    </div>
        <div class="tags tags_primary info_icon">
            
    <div data-alt="Preču piedāvājums atšķirīgs Maxima veikalos, ar aktuālo akcijas preču piedāvājumu aicinām iepazīties uz vietas veikalā!" class="tag i"></div>

        </div>

        <div class="info-notice">
            


                                                                                                                                    </div>

        <div class="img">
          <img alt="Ķerm.kr.ORGANIC SHOP Lemon Macaron 250ml" src="/uploads/sale/2025/sales_page/10/31//kerm-kr-organic-shop-lemon-macaron-250ml-00732-1031101022.png?1761898222">
        </div>
        <div class="text paldies-card      ">
            <div class="title">Ķerm.kr.ORGANIC SHOP Lemon Macaron 250ml</div>
            <div class="pack">
                <span class="ptitle"></span>
                <span class="price"> 21.96 €/l</span>
            </div>
                    </div>
        <div class="infopop">
            <div class="in"><span></span>
                <div class="arrow_top"></div>
                <div class="arrow_bottom"></div>
            </div>
        </div>
    </div>
</div><div class="col-third offer-item">
    <div class="item bl_shadow product-237617 paldies-card  offer-2-l-sp-sku units-price        " data-product-id="237617" data-timeout="77" data-dates-interval="30.10.2025. - 29.04.2026." tabindex="0" role="button">
                                                    <div class="discount price with-unit-price ">
                                                                            <div class="paldies-card-icon with-unit-price">
                        <img src="/images/front/icons/paldies2-icon.png" alt="Paldies">
                    </div>
                                                                
                    <div class="t1 with-unit-price paldies-card">
            <span class="value">20</span>
            <span class="cents">99</span>
            <span class="eur">€</span>
            <span class="unit-price">0.34 €/gab</span>
        </div>
                    <div class="t2">
                <span class="value">39,99</span>
                <span class="eur">€</span>
            </div>
            <div class="t3 with-unit-price">
                <span class="value">39</span>
                <span class="cents">99</span>
                <span class="eur">€</span>
                <span class="unit-price">0.65 €/gab</span>            </div>
            
    <span class="vline"></span>
</div>                    		
        
        
        <div class="tags tags_primary bottom_icons">
                                                            
                                <div data-alt="Atlaide ar PALDIES karti" class="tag tag-soap-2 " style="background-image: url('/uploads/sale/atlaide-ar-paldies-karti-7358.png');                     ">
                </div>
                                                                            
                                <div data-alt="CENU LĪDERI" class="tag tag-soap-29 " style="background-image: url('/uploads/sale/cenu-lideri-6010.png');                     ">
                </div>
                            
                    </div>
        <div class="tags tags_primary info_icon">
            
    <div data-alt="Preču piedāvājums atšķirīgs Maxima veikalos, ar aktuālo akcijas preču piedāvājumu aicinām iepazīties uz vietas veikalā!" class="tag i"></div>

        </div>

        <div class="info-notice">
            


                                                                            </div>

        <div class="img">
          <img alt="Tr.mazg.maš.kaps.FINISH.Ult.Pl.Lem.62gb." src="/uploads/sale/2025/sales_page/10/31//tr-mazg-mas-kaps-finish-ult-pl-lem-62gb-00733-1031094028.png?1761896428">
        </div>
        <div class="text paldies-card      ">
            <div class="title">Tr.mazg.maš.kaps.FINISH.Ult.Pl.Lem.62gb.</div>
            <div class="pack">
                <span class="ptitle"></span>
                <span class="price"> 0.65 €/gab</span>
            </div>
                    </div>
        <div class="infopop">
            <div class="in"><span></span>
                <div class="arrow_top"></div>
                <div class="arrow_bottom"></div>
            </div>
        </div>
    </div>
</div><div class="col-third offer-item">
    <div class="item bl_shadow product-237425 paldies-card  offer-2-l-sp-sku units-price        " data-product-id="237425" data-timeout="77" data-dates-interval="30.01.2025. - 29.04.2026." tabindex="0" role="button">
                                                    <div class="discount price with-unit-price ">
                                                                            <div class="paldies-card-icon with-unit-price">
                        <img src="/images/front/icons/paldies2-icon.png" alt="Paldies">
                    </div>
                                                                                                
                    <div class="t1 with-unit-price paldies-card">
            <span class="value">1</span>
            <span class="cents">19</span>
            <span class="eur">€</span>
            <span class="unit-price">0.06 €/gab</span>
        </div>
                    <div class="t2">
                <span class="value">1,99</span>
                <span class="eur">€</span>
            </div>
            <div class="t3 with-unit-price">
                <span class="value">1</span>
                <span class="cents">99</span>
                <span class="eur">€</span>
                <span class="unit-price">0.10 €/gab</span>            </div>
            
    <span class="vline"></span>
</div>                    		
        
        
        <div class="tags tags_primary bottom_icons">
                                                            
                                <div data-alt="Atlaide ar PALDIES karti" class="tag tag-soap-2 " style="background-image: url('/uploads/sale/atlaide-ar-paldies-karti-7358.png');                     ">
                </div>
                                                                            
                                <div data-alt="Latvijas produkts" class="tag tag-soap-6 " style="background-image: url('/uploads/sale/latvijas-produkts-3559.png');                     ">
                </div>
                                                                            
                                <div data-alt="CENU LĪDERI" class="tag tag-soap-29 " style="background-image: url('/uploads/sale/cenu-lideri-6010.png');                     ">
                </div>
                            
                    </div>
        <div class="tags tags_primary info_icon">
            
    <div data-alt="Preču piedāvājums atšķirīgs Maxima veikalos, ar aktuālo akcijas preču piedāvājumu aicinām iepazīties uz vietas veikalā!" class="tag i"></div>

        </div>

        <div class="info-notice">
            


                                                                                                        </div>

        <div class="img">
          <img alt="Šķīst.tabletes HERB'S Vitamin C 20gab." src="/uploads/sale/2025/sales_page/10/29//skist-tabletes-herb-s-vitamin-c-20gab-00734-0210093018.png?1770708618">
        </div>
        <div class="text paldies-card      ">
            <div class="title">Šķīst.tabletes HERB'S Vitamin C 20gab.</div>
            <div class="pack">
                <span class="ptitle"></span>
                <span class="price"> 0.10 €/gab</span>
            </div>
                    </div>
        <div class="infopop">
            <div class="in"><span></span>
                <div class="arrow_top"></div>
                <div class="arrow_bottom"></div>
            </div>
        </div>
    </div>
</div><div class="col-third offer-item">
    <div class="item bl_shadow product-237426 paldies-card  offer-2-l-sp-sku units-price        " data-product-id="237426" data-timeout="77" data-dates-interval="30.07.2024. - 29.04.2026." tabindex="0" role="button">
                                                    <div class="discount price with-unit-price ">
                                                                            <div class="paldies-card-icon with-unit-price">
                        <img src="/images/front/icons/paldies2-icon.png" alt="Paldies">
                    </div>
                                                                
                    <div class="t1 with-unit-price paldies-card">
            <span class="value">5</span>
            <span class="cents">29</span>
            <span class="eur">€</span>
            <span class="unit-price">3.11 €/l</span>
        </div>
                    <div class="t2">
                <span class="value">8,19</span>
                <span class="eur">€</span>
            </div>
            <div class="t3 with-unit-price">
                <span class="value">8</span>
                <span class="cents">19</span>
                <span class="eur">€</span>
                <span class="unit-price">4.82 €/l</span>            </div>
            
    <span class="vline"></span>
</div>                    		
        
        
        <div class="tags tags_primary bottom_icons">
                                                            
                                <div data-alt="Atlaide ar PALDIES karti" class="tag tag-soap-2 " style="background-image: url('/uploads/sale/atlaide-ar-paldies-karti-7358.png');                     ">
                </div>
                                                                            
                                <div data-alt="CENU LĪDERI" class="tag tag-soap-29 " style="background-image: url('/uploads/sale/cenu-lideri-6010.png');                     ">
                </div>
                            
                    </div>
        <div class="tags tags_primary info_icon">
            
    <div data-alt="Preču piedāvājums atšķirīgs Maxima veikalos, ar aktuālo akcijas preču piedāvājumu aicinām iepazīties uz vietas veikalā!" class="tag i"></div>

        </div>

        <div class="info-notice">
            


                                                                            </div>

        <div class="img">
          <img alt="Veļas mīkst.COCCOLINO Sensit.68m.r.1,7L" src="/uploads/sale/2025/sales_page/10/29//velas-mikst-coccolino-sensit-68m-r-1-7l-00735-0210095521.png?1770710121">
        </div>
        <div class="text paldies-card      ">
            <div class="title">Veļas mīkst.COCCOLINO Sensit.68m.r.1,7L</div>
            <div class="pack">
                <span class="ptitle"></span>
                <span class="price"> 4.82 €/l</span>
            </div>
                    </div>
        <div class="infopop">
            <div class="in"><span></span>
                <div class="arrow_top"></div>
                <div class="arrow_bottom"></div>
            </div>
        </div>
    </div>
</div><div class="col-third offer-item">
    <div class="item bl_shadow product-237427 paldies-card  offer-2-l-sp-sku units-price        " data-product-id="237427" data-timeout="77" data-dates-interval="30.07.2024. - 29.04.2026." tabindex="0" role="button">
                                                    <div class="discount price with-unit-price ">
                                                                            <div class="paldies-card-icon with-unit-price">
                        <img src="/images/front/icons/paldies2-icon.png" alt="Paldies">
                    </div>
                                                                
                    <div class="t1 with-unit-price paldies-card">
            <span class="value">5</span>
            <span class="cents">29</span>
            <span class="eur">€</span>
            <span class="unit-price">3.11 €/l</span>
        </div>
                    <div class="t2">
                <span class="value">8,19</span>
                <span class="eur">€</span>
            </div>
            <div class="t3 with-unit-price">
                <span class="value">8</span>
                <span class="cents">19</span>
                <span class="eur">€</span>
                <span class="unit-price">4.82 €/l</span>            </div>
            
    <span class="vline"></span>
</div>                    		
        
        
        <div class="tags tags_primary bottom_icons">
                                                            
                                <div data-alt="Atlaide ar PALDIES karti" class="tag tag-soap-2 " style="background-image: url('/uploads/sale/atlaide-ar-paldies-karti-7358.png');                     ">
                </div>
                                                                            
                                <div data-alt="CENU LĪDERI" class="tag tag-soap-29 " style="background-image: url('/uploads/sale/cenu-lideri-6010.png');                     ">
                </div>
                            
                    </div>
        <div class="tags tags_primary info_icon">
            
    <div data-alt="Preču piedāvājums atšķirīgs Maxima veikalos, ar aktuālo akcijas preču piedāvājumu aicinām iepazīties uz vietas veikalā!" class="tag i"></div>

        </div>

        <div class="info-notice">
            


                                                                            </div>

        <div class="img">
          <img alt="Veļas mīkstin.COCCOLINO Blue 68m.r.1,7L" src="/uploads/sale/2025/sales_page/10/29//velas-mikstin-coccolino-blue-68m-r-1-7l-00736-0210095521.png?1770710121">
        </div>
        <div class="text paldies-card      ">
            <div class="title">Veļas mīkstin.COCCOLINO Blue 68m.r.1,7L</div>
            <div class="pack">
                <span class="ptitle"></span>
                <span class="price"> 4.82 €/l</span>
            </div>
                    </div>
        <div class="infopop">
            <div class="in"><span></span>
                <div class="arrow_top"></div>
                <div class="arrow_bottom"></div>
            </div>
        </div>
    </div>
</div><div class="col-third offer-item">
    <div class="item bl_shadow product-237428 paldies-card  offer-2-l-sp-sku units-price        " data-product-id="237428" data-timeout="77" data-dates-interval="30.07.2024. - 29.04.2026." tabindex="0" role="button">
                                                    <div class="discount price with-unit-price ">
                                                                            <div class="paldies-card-icon with-unit-price">
                        <img src="/images/front/icons/paldies2-icon.png" alt="Paldies">
                    </div>
                                                                
                    <div class="t1 with-unit-price paldies-card">
            <span class="value">5</span>
            <span class="cents">29</span>
            <span class="eur">€</span>
            <span class="unit-price">3.11 €/l</span>
        </div>
                    <div class="t2">
                <span class="value">8,19</span>
                <span class="eur">€</span>
            </div>
            <div class="t3 with-unit-price">
                <span class="value">8</span>
                <span class="cents">19</span>
                <span class="eur">€</span>
                <span class="unit-price">4.82 €/l</span>            </div>
            
    <span class="vline"></span>
</div>                    		
        
        
        <div class="tags tags_primary bottom_icons">
                                                            
                                <div data-alt="Atlaide ar PALDIES karti" class="tag tag-soap-2 " style="background-image: url('/uploads/sale/atlaide-ar-paldies-karti-7358.png');                     ">
                </div>
                                                                            
                                <div data-alt="CENU LĪDERI" class="tag tag-soap-29 " style="background-image: url('/uploads/sale/cenu-lideri-6010.png');                     ">
                </div>
                            
                    </div>
        <div class="tags tags_primary info_icon">
            
    <div data-alt="Preču piedāvājums atšķirīgs Maxima veikalos, ar aktuālo akcijas preču piedāvājumu aicinām iepazīties uz vietas veikalā!" class="tag i"></div>

        </div>

        <div class="info-notice">
            


                                                                            </div>

        <div class="img">
          <img alt="Veļas mīkstin.COCCOLINO Lily 68m.r.1,7L" src="/uploads/sale/2025/sales_page/10/29//velas-mikstin-coccolino-lily-68m-r-1-7l-00737-0210095521.png?1770710121">
        </div>
        <div class="text paldies-card      ">
            <div class="title">Veļas mīkstin.COCCOLINO Lily 68m.r.1,7L</div>
            <div class="pack">
                <span class="ptitle"></span>
                <span class="price"> 4.82 €/l</span>
            </div>
                    </div>
        <div class="infopop">
            <div class="in"><span></span>
                <div class="arrow_top"></div>
                <div class="arrow_bottom"></div>
            </div>
        </div>
    </div>
</div><div class="col-third offer-item">
    <div class="item bl_shadow product-237430 paldies-card  offer-2-l-sp-sku units-price        " data-product-id="237430" data-timeout="77" data-dates-interval="30.07.2024. - 29.04.2026." tabindex="0" role="button">
                                                    <div class="discount price with-unit-price ">
                                                                            <div class="paldies-card-icon with-unit-price">
                        <img src="/images/front/icons/paldies2-icon.png" alt="Paldies">
                    </div>
                                                                
                    <div class="t1 with-unit-price paldies-card">
            <span class="value">18</span>
            <span class="cents">99</span>
            <span class="eur">€</span>
            <span class="unit-price">4.80 €/l</span>
        </div>
                    <div class="t2">
                <span class="value">34,99</span>
                <span class="eur">€</span>
            </div>
            <div class="t3 with-unit-price">
                <span class="value">34</span>
                <span class="cents">99</span>
                <span class="eur">€</span>
                <span class="unit-price">9.72 €/l</span>            </div>
            
    <span class="vline"></span>
</div>                    		
        
        
        <div class="tags tags_primary bottom_icons">
                                                            
                                <div data-alt="Atlaide ar PALDIES karti" class="tag tag-soap-2 " style="background-image: url('/uploads/sale/atlaide-ar-paldies-karti-7358.png');                     ">
                </div>
                                                                            
                                <div data-alt="CENU LĪDERI" class="tag tag-soap-29 " style="background-image: url('/uploads/sale/cenu-lideri-6010.png');                     ">
                </div>
                            
                    </div>
        <div class="tags tags_primary info_icon">
            
    <div data-alt="Preču piedāvājums atšķirīgs Maxima veikalos, ar aktuālo akcijas preču piedāvājumu aicinām iepazīties uz vietas veikalā!" class="tag i"></div>

        </div>

        <div class="info-notice">
            


                                                                            </div>

        <div class="img">
          <img alt="Veļ.mazg.līdz.PERSIL Lav.Col. 80m.r.3,6L" src="/uploads/sale/2025/sales_page/10/29//vel-mazg-lidz-persil-lav-col-80m-r-3-6l-00739-0210094017.png?1770709217">
        </div>
        <div class="text paldies-card      ">
            <div class="title">Veļ.mazg.līdz.PERSIL Lav.Col. 80m.r.3,6L</div>
            <div class="pack">
                <span class="ptitle"></span>
                <span class="price"> 9.72 €/l</span>
            </div>
                    </div>
        <div class="infopop">
            <div class="in"><span></span>
                <div class="arrow_top"></div>
                <div class="arrow_bottom"></div>
            </div>
        </div>
    </div>
</div><div class="col-third offer-item">
    <div class="item bl_shadow product-237431 paldies-card  offer-2-l-sp-sku units-price        " data-product-id="237431" data-timeout="77" data-dates-interval="30.07.2024. - 29.04.2026." tabindex="0" role="button">
                                                    <div class="discount price with-unit-price ">
                                                                            <div class="paldies-card-icon with-unit-price">
                        <img src="/images/front/icons/paldies2-icon.png" alt="Paldies">
                    </div>
                                                                
                    <div class="t1 with-unit-price paldies-card">
            <span class="value">6</span>
            <span class="cents">99</span>
            <span class="eur">€</span>
            <span class="unit-price">6.35 €/kg</span>
        </div>
                    <div class="t2">
                <span class="value">9,99</span>
                <span class="eur">€</span>
            </div>
            <div class="t3 with-unit-price">
                <span class="value">9</span>
                <span class="cents">99</span>
                <span class="eur">€</span>
                <span class="unit-price">9.08 €/kg</span>            </div>
            
    <span class="vline"></span>
</div>                    		
        
        
        <div class="tags tags_primary bottom_icons">
                                                            
                                <div data-alt="Atlaide ar PALDIES karti" class="tag tag-soap-2 " style="background-image: url('/uploads/sale/atlaide-ar-paldies-karti-7358.png');                     ">
                </div>
                                                                            
                                <div data-alt="CENU LĪDERI" class="tag tag-soap-29 " style="background-image: url('/uploads/sale/cenu-lideri-6010.png');                     ">
                </div>
                            
                    </div>
        <div class="tags tags_primary info_icon">
            
    <div data-alt="Preču piedāvājums atšķirīgs Maxima veikalos, ar aktuālo akcijas preču piedāvājumu aicinām iepazīties uz vietas veikalā!" class="tag i"></div>

        </div>

        <div class="info-notice">
            


                                                                            </div>

        <div class="img">
          <img alt="Veļas pulveris PERSIL Color 20m.r. 1,1kg" src="/uploads/sale/2025/sales_page/10/29//velas-pulveris-persil-color-20m-r-1-1kg-00740-1029180526.png?1761753926">
        </div>
        <div class="text paldies-card      ">
            <div class="title">Veļas pulveris PERSIL Color 20m.r. 1,1kg</div>
            <div class="pack">
                <span class="ptitle"></span>
                <span class="price"> 9.08 €/kg</span>
            </div>
                    </div>
        <div class="infopop">
            <div class="in"><span></span>
                <div class="arrow_top"></div>
                <div class="arrow_bottom"></div>
            </div>
        </div>
    </div>
</div><div class="col-third offer-item">
    <div class="item bl_shadow product-237442 paldies-card  offer-2-l-sp-sku units-price        " data-product-id="237442" data-timeout="77" data-dates-interval="30.07.2024. - 29.04.2026." tabindex="0" role="button">
                                                    <div class="discount price with-unit-price ">
                                                                            <div class="paldies-card-icon with-unit-price">
                        <img src="/images/front/icons/paldies2-icon.png" alt="Paldies">
                    </div>
                                                                
                    <div class="t1 with-unit-price paldies-card">
            <span class="value">18</span>
            <span class="cents">99</span>
            <span class="eur">€</span>
            <span class="unit-price">4.80 €/l</span>
        </div>
                    <div class="t2">
                <span class="value">34,99</span>
                <span class="eur">€</span>
            </div>
            <div class="t3 with-unit-price">
                <span class="value">34</span>
                <span class="cents">99</span>
                <span class="eur">€</span>
                <span class="unit-price">8.84 €/l</span>            </div>
            
    <span class="vline"></span>
</div>                    		
        
        
        <div class="tags tags_primary bottom_icons">
                                                            
                                <div data-alt="Atlaide ar PALDIES karti" class="tag tag-soap-2 " style="background-image: url('/uploads/sale/atlaide-ar-paldies-karti-7358.png');                     ">
                </div>
                                                                            
                                <div data-alt="CENU LĪDERI" class="tag tag-soap-29 " style="background-image: url('/uploads/sale/cenu-lideri-6010.png');                     ">
                </div>
                            
                    </div>
        <div class="tags tags_primary info_icon">
            
    <div data-alt="Preču piedāvājums atšķirīgs Maxima veikalos, ar aktuālo akcijas preču piedāvājumu aicinām iepazīties uz vietas veikalā!" class="tag i"></div>

        </div>

        <div class="info-notice">
            


                                                                            </div>

        <div class="img">
          <img alt="Veļ.mazg.līdz.PERSIL Regular 88m.r.3,96L" src="/uploads/sale/2025/sales_page/10/29//vel-mazg-lidz-persil-regular-88m-r-3-96l-00741-0210094017.png?1770709217">
        </div>
        <div class="text paldies-card      ">
            <div class="title">Veļ.mazg.līdz.PERSIL Regular 88m.r.3,96L</div>
            <div class="pack">
                <span class="ptitle"></span>
                <span class="price"> 8.84 €/l</span>
            </div>
                    </div>
        <div class="infopop">
            <div class="in"><span></span>
                <div class="arrow_top"></div>
                <div class="arrow_bottom"></div>
            </div>
        </div>
    </div>
</div><div class="col-third offer-item">
    <div class="item bl_shadow product-237366 paldies-card  offer-2-l-sp-sku units-price        " data-product-id="237366" data-timeout="77" data-dates-interval="30.07.2024. - 29.04.2026." tabindex="0" role="button">
                                                    <div class="discount price with-unit-price ">
                                                                            <div class="paldies-card-icon with-unit-price">
                        <img src="/images/front/icons/paldies2-icon.png" alt="Paldies">
                    </div>
                                                                
                    <div class="t1 with-unit-price paldies-card">
            <span class="value">8</span>
            <span class="cents">99</span>
            <span class="eur">€</span>
            <span class="unit-price">3.14 €/l</span>
        </div>
                    <div class="t2">
                <span class="value">13,29</span>
                <span class="eur">€</span>
            </div>
            <div class="t3 with-unit-price">
                <span class="value">13</span>
                <span class="cents">29</span>
                <span class="eur">€</span>
                <span class="unit-price">4.65 €/l</span>            </div>
            
    <span class="vline"></span>
</div>                    		
        
        
        <div class="tags tags_primary bottom_icons">
                                                            
                                <div data-alt="Atlaide ar PALDIES karti" class="tag tag-soap-2 " style="background-image: url('/uploads/sale/atlaide-ar-paldies-karti-7358.png');                     ">
                </div>
                                                                            
                                <div data-alt="CENU LĪDERI" class="tag tag-soap-29 " style="background-image: url('/uploads/sale/cenu-lideri-6010.png');                     ">
                </div>
                            
                    </div>
        <div class="tags tags_primary info_icon">
            
    <div data-alt="Preču piedāvājums atšķirīgs Maxima veikalos, ar aktuālo akcijas preču piedāvājumu aicinām iepazīties uz vietas veikalā!" class="tag i"></div>

        </div>

        <div class="info-notice">
            


                                                                            </div>

        <div class="img">
          <img alt="Veļas mīkst.SILAN Sensitive 130m.r.2,86L" src="/uploads/sale/2025/sales_page/10/29//velas-mikst-silan-sensitive-130m-r-2-86l-00720-1029180112.png?1761753672">
        </div>
        <div class="text paldies-card      ">
            <div class="title">Veļas mīkst.SILAN Sensitive 130m.r.2,86L</div>
            <div class="pack">
                <span class="ptitle"></span>
                <span class="price"> 4.65 €/l</span>
            </div>
                    </div>
        <div class="infopop">
            <div class="in"><span></span>
                <div class="arrow_top"></div>
                <div class="arrow_bottom"></div>
            </div>
        </div>
    </div>
</div><div class="col-third offer-item">
    <div class="item bl_shadow product-237367 paldies-card  offer-2-l-sp-sku units-price        " data-product-id="237367" data-timeout="77" data-dates-interval="01.08.2024. - 29.04.2026." tabindex="0" role="button">
                                                    <div class="discount price with-unit-price ">
                                                                            <div class="paldies-card-icon with-unit-price">
                        <img src="/images/front/icons/paldies2-icon.png" alt="Paldies">
                    </div>
                                                                                                                                
                    <div class="t1 with-unit-price paldies-card">
            <span class="value">5</span>
            <span class="cents">69</span>
            <span class="eur">€</span>
            <span class="unit-price">3.16 €/l</span>
        </div>
                    <div class="t2">
                <span class="value">10,49</span>
                <span class="eur">€</span>
            </div>
            <div class="t3 with-unit-price">
                <span class="value">10</span>
                <span class="cents">49</span>
                <span class="eur">€</span>
                <span class="unit-price">5.83 €/l</span>            </div>
            
    <span class="vline"></span>
</div>                    		
        
        
        <div class="tags tags_primary bottom_icons">
                                                            
                                <div data-alt="Atlaide ar PALDIES karti" class="tag tag-soap-2 " style="background-image: url('/uploads/sale/atlaide-ar-paldies-karti-7358.png');                     ">
                </div>
                                                                            
                                <div data-alt="Prece pieejama MAXIMA XX veikalos" class="tag tag-soap-3 tag-shops" style="background-image: url('/uploads/sale/piedavajums-speka-maxima-xx-veikalos-6057.png');                     ">
                </div>
                                                                            
                                <div data-alt="Prece pieejama MAXIMA XXX veikalos" class="tag tag-soap-4 tag-shops" style="background-image: url('/uploads/sale/piedavajums-speka-maxima-xxx-veikalos-3117.png');                     ">
                </div>
                                                                            
                                <div data-alt="CENU LĪDERI" class="tag tag-soap-29 " style="background-image: url('/uploads/sale/cenu-lideri-6010.png');                     ">
                </div>
                            
                    </div>
        <div class="tags tags_primary info_icon">
            
    <div data-alt="Preču piedāvājums atšķirīgs Maxima veikalos, ar aktuālo akcijas preču piedāvājumu aicinām iepazīties uz vietas veikalā!" class="tag i"></div>

        </div>

        <div class="info-notice">
            


                                                                                                                                    </div>

        <div class="img">
          <img alt="V.mazg.līdz.WOOLITE Col.Fruity30m.r.1,8L" src="/uploads/sale/2025/sales_page/10/29//v-mazg-lidz-woolite-col-fruity30m-r-1-8l-00721-0210094017.png?1770709217">
        </div>
        <div class="text paldies-card      ">
            <div class="title">V.mazg.līdz.WOOLITE Col.Fruity30m.r.1,8L</div>
            <div class="pack">
                <span class="ptitle"></span>
                <span class="price"> 5.83 €/l</span>
            </div>
                    </div>
        <div class="infopop">
            <div class="in"><span></span>
                <div class="arrow_top"></div>
                <div class="arrow_bottom"></div>
            </div>
        </div>
    </div>
</div><div class="col-third offer-item">
    <div class="item bl_shadow product-237368 paldies-card  offer-2-l-sp-sku units-price        " data-product-id="237368" data-timeout="77" data-dates-interval="30.01.2025. - 29.04.2026." tabindex="0" role="button">
                                                    <div class="discount price with-unit-price ">
                                                                            <div class="paldies-card-icon with-unit-price">
                        <img src="/images/front/icons/paldies2-icon.png" alt="Paldies">
                    </div>
                                                                
                    <div class="t1 with-unit-price paldies-card">
            <span class="value">3</span>
            <span class="cents">99</span>
            <span class="eur">€</span>
            <span class="unit-price">7.98 €/l</span>
        </div>
                    <div class="t2">
                <span class="value">5,95</span>
                <span class="eur">€</span>
            </div>
            <div class="t3 with-unit-price">
                <span class="value">5</span>
                <span class="cents">95</span>
                <span class="eur">€</span>
                <span class="unit-price">11.90 €/l</span>            </div>
            
    <span class="vline"></span>
</div>                    		
        
        
        <div class="tags tags_primary bottom_icons">
                                                            
                                <div data-alt="Atlaide ar PALDIES karti" class="tag tag-soap-2 " style="background-image: url('/uploads/sale/atlaide-ar-paldies-karti-7358.png');                     ">
                </div>
                                                                            
                                <div data-alt="CENU LĪDERI" class="tag tag-soap-29 " style="background-image: url('/uploads/sale/cenu-lideri-6010.png');                     ">
                </div>
                            
                    </div>
        <div class="tags tags_primary info_icon">
            
    <div data-alt="Preču piedāvājums atšķirīgs Maxima veikalos, ar aktuālo akcijas preču piedāvājumu aicinām iepazīties uz vietas veikalā!" class="tag i"></div>

        </div>

        <div class="info-notice">
            


                                                                            </div>

        <div class="img">
          <img alt="Matu maska REVIVOR Betula 500ml" src="/uploads/sale/2025/sales_page/10/29//matu-maska-revivor-betula-500ml-00722-1029180523.png?1761753923">
        </div>
        <div class="text paldies-card      ">
            <div class="title">Matu maska REVIVOR Betula 500ml</div>
            <div class="pack">
                <span class="ptitle"></span>
                <span class="price"> 11.90 €/l</span>
            </div>
                    </div>
        <div class="infopop">
            <div class="in"><span></span>
                <div class="arrow_top"></div>
                <div class="arrow_bottom"></div>
            </div>
        </div>
    </div>
</div><div class="col-third offer-item">
    <div class="item bl_shadow product-237369 paldies-card  offer-2-l-sp-sku units-price        " data-product-id="237369" data-timeout="77" data-dates-interval="30.07.2024. - 29.04.2026." tabindex="0" role="button">
                                                    <div class="discount price with-unit-price ">
                                                                            <div class="paldies-card-icon with-unit-price">
                        <img src="/images/front/icons/paldies2-icon.png" alt="Paldies">
                    </div>
                                                                
                    <div class="t1 with-unit-price paldies-card">
            <span class="value">1</span>
            <span class="cents">29</span>
            <span class="eur">€</span>
            <span class="unit-price">1.29 €/l</span>
        </div>
                    <div class="t2">
                <span class="value">1,79</span>
                <span class="eur">€</span>
            </div>
            <div class="t3 with-unit-price">
                <span class="value">1</span>
                <span class="cents">79</span>
                <span class="eur">€</span>
                <span class="unit-price">1.79 €/l</span>            </div>
            
    <span class="vline"></span>
</div>                    		
        
        
        <div class="tags tags_primary bottom_icons">
                                                            
                                <div data-alt="Atlaide ar PALDIES karti" class="tag tag-soap-2 " style="background-image: url('/uploads/sale/atlaide-ar-paldies-karti-7358.png');                     ">
                </div>
                                                                            
                                <div data-alt="CENU LĪDERI" class="tag tag-soap-29 " style="background-image: url('/uploads/sale/cenu-lideri-6010.png');                     ">
                </div>
                            
                    </div>
        <div class="tags tags_primary info_icon">
            
    <div data-alt="Preču piedāvājums atšķirīgs Maxima veikalos, ar aktuālo akcijas preču piedāvājumu aicinām iepazīties uz vietas veikalā!" class="tag i"></div>

        </div>

        <div class="info-notice">
            


                                                                            </div>

        <div class="img">
          <img alt="Veļas balinātājs MAYERI Liilia 1L" src="/uploads/sale/2025/sales_page/10/29//velas-balinatajs-mayeri-liilia-1l-00723-1029180523.png?1761753923">
        </div>
        <div class="text paldies-card      ">
            <div class="title">Veļas balinātājs MAYERI Liilia 1L</div>
            <div class="pack">
                <span class="ptitle"></span>
                <span class="price"> 1.79 €/l</span>
            </div>
                    </div>
        <div class="infopop">
            <div class="in"><span></span>
                <div class="arrow_top"></div>
                <div class="arrow_bottom"></div>
            </div>
        </div>
    </div>
</div><div class="col-third offer-item">
    <div class="item bl_shadow product-237372 paldies-card  offer-2-l-sp-sku units-price        " data-product-id="237372" data-timeout="77" data-dates-interval="30.01.2025. - 29.04.2026." tabindex="0" role="button">
                                                    <div class="discount price with-unit-price ">
                                                                            <div class="paldies-card-icon with-unit-price">
                        <img src="/images/front/icons/paldies2-icon.png" alt="Paldies">
                    </div>
                                                                
                    <div class="t1 with-unit-price paldies-card">
            <span class="value">1</span>
            <span class="cents">39</span>
            <span class="eur">€</span>
            <span class="unit-price">0.02 €/kg</span>
        </div>
                    <div class="t2">
                <span class="value">2,09</span>
                <span class="eur">€</span>
            </div>
            <div class="t3 with-unit-price">
                <span class="value">2</span>
                <span class="cents">09</span>
                <span class="eur">€</span>
                <span class="unit-price">23.22 €/kg</span>            </div>
            
    <span class="vline"></span>
</div>                    		
        
        
        <div class="tags tags_primary bottom_icons">
                                                            
                                <div data-alt="Atlaide ar PALDIES karti" class="tag tag-soap-2 " style="background-image: url('/uploads/sale/atlaide-ar-paldies-karti-7358.png');                     ">
                </div>
                                                                            
                                <div data-alt="CENU LĪDERI" class="tag tag-soap-29 " style="background-image: url('/uploads/sale/cenu-lideri-6010.png');                     ">
                </div>
                            
                    </div>
        <div class="tags tags_primary info_icon">
            
    <div data-alt="Preču piedāvājums atšķirīgs Maxima veikalos, ar aktuālo akcijas preču piedāvājumu aicinām iepazīties uz vietas veikalā!" class="tag i"></div>

        </div>

        <div class="info-notice">
            


                                                                            </div>

        <div class="img">
          <img alt="Tual.bloks skal.tvertnei KOLORADO 2x45g" src="/uploads/sale/2025/sales_page/10/29//tual-bloks-skal-tvertnei-kolorado-2x45g-00724-0210091018.png?1770707418">
        </div>
        <div class="text paldies-card      ">
            <div class="title">Tual.bloks skal.tvertnei KOLORADO 2x45g</div>
            <div class="pack">
                <span class="ptitle"></span>
                <span class="price"> 23.22 €/kg</span>
            </div>
                    </div>
        <div class="infopop">
            <div class="in"><span></span>
                <div class="arrow_top"></div>
                <div class="arrow_bottom"></div>
            </div>
        </div>
    </div>
</div><div class="col-third offer-item">
    <div class="item bl_shadow product-237373 paldies-card  offer-2-l-sp-sku units-price        " data-product-id="237373" data-timeout="77" data-dates-interval="01.08.2024. - 29.04.2026." tabindex="0" role="button">
                                                    <div class="discount price with-unit-price ">
                                                                            <div class="paldies-card-icon with-unit-price">
                        <img src="/images/front/icons/paldies2-icon.png" alt="Paldies">
                    </div>
                                                                                                                                
                    <div class="t1 with-unit-price paldies-card">
            <span class="value">1</span>
            <span class="cents">99</span>
            <span class="eur">€</span>
            <span class="unit-price">0.02 €/gab</span>
        </div>
                    <div class="t2">
                <span class="value">3,99</span>
                <span class="eur">€</span>
            </div>
            <div class="t3 with-unit-price">
                <span class="value">3</span>
                <span class="cents">99</span>
                <span class="eur">€</span>
                <span class="unit-price">0.03 €/gab</span>            </div>
            
    <span class="vline"></span>
</div>                    		
        
        
        <div class="tags tags_primary bottom_icons">
                                                            
                                <div data-alt="Atlaide ar PALDIES karti" class="tag tag-soap-2 " style="background-image: url('/uploads/sale/atlaide-ar-paldies-karti-7358.png');                     ">
                </div>
                                                                            
                                <div data-alt="Prece pieejama MAXIMA XX veikalos" class="tag tag-soap-3 tag-shops" style="background-image: url('/uploads/sale/piedavajums-speka-maxima-xx-veikalos-6057.png');                     ">
                </div>
                                                                            
                                <div data-alt="Prece pieejama MAXIMA XXX veikalos" class="tag tag-soap-4 tag-shops" style="background-image: url('/uploads/sale/piedavajums-speka-maxima-xxx-veikalos-3117.png');                     ">
                </div>
                                                                            
                                <div data-alt="CENU LĪDERI" class="tag tag-soap-29 " style="background-image: url('/uploads/sale/cenu-lideri-6010.png');                     ">
                </div>
                            
                    </div>
        <div class="tags tags_primary info_icon">
            
    <div data-alt="Preču piedāvājums atšķirīgs Maxima veikalos, ar aktuālo akcijas preču piedāvājumu aicinām iepazīties uz vietas veikalā!" class="tag i"></div>

        </div>

        <div class="info-notice">
            


                                                                                                                                    </div>

        <div class="img">
          <img alt="Papīra dvieļi ZEWA Premium 2k. 120lap." src="/uploads/sale/2025/sales_page/10/29//papira-dvieli-zewa-premium-2k-120lap-00725-1029180531.png?1761753931">
        </div>
        <div class="text paldies-card      ">
            <div class="title">Papīra dvieļi ZEWA Premium 2k. 120lap.</div>
            <div class="pack">
                <span class="ptitle"></span>
                <span class="price"> 0.03 €/gab</span>
            </div>
                    </div>
        <div class="infopop">
            <div class="in"><span></span>
                <div class="arrow_top"></div>
                <div class="arrow_bottom"></div>
            </div>
        </div>
    </div>
</div><div class="col-third offer-item">
    <div class="item bl_shadow product-237647 paldies-card  offer-2-l-sp-sku units-price        " data-product-id="237647" data-timeout="77" data-dates-interval="30.10.2025. - 29.04.2026." tabindex="0" role="button">
                                                    <div class="discount price with-unit-price ">
                                                                            <div class="paldies-card-icon with-unit-price">
                        <img src="/images/front/icons/paldies2-icon.png" alt="Paldies">
                    </div>
                                                                                                                                
                    <div class="t1 with-unit-price paldies-card">
            <span class="value">3</span>
            <span class="cents">79</span>
            <span class="eur">€</span>
            <span class="unit-price">15.16 €/l</span>
        </div>
                    <div class="t2">
                <span class="value">5,49</span>
                <span class="eur">€</span>
            </div>
            <div class="t3 with-unit-price">
                <span class="value">5</span>
                <span class="cents">49</span>
                <span class="eur">€</span>
                <span class="unit-price">21.96 €/l</span>            </div>
            
    <span class="vline"></span>
</div>                    		
        
        
        <div class="tags tags_primary bottom_icons">
                                                            
                                <div data-alt="Atlaide ar PALDIES karti" class="tag tag-soap-2 " style="background-image: url('/uploads/sale/atlaide-ar-paldies-karti-7358.png');                     ">
                </div>
                                                                            
                                <div data-alt="Prece pieejama MAXIMA XX veikalos" class="tag tag-soap-3 tag-shops" style="background-image: url('/uploads/sale/piedavajums-speka-maxima-xx-veikalos-6057.png');                     ">
                </div>
                                                                            
                                <div data-alt="Prece pieejama MAXIMA XXX veikalos" class="tag tag-soap-4 tag-shops" style="background-image: url('/uploads/sale/piedavajums-speka-maxima-xxx-veikalos-3117.png');                     ">
                </div>
                                                                            
                                <div data-alt="CENU LĪDERI" class="tag tag-soap-29 " style="background-image: url('/uploads/sale/cenu-lideri-6010.png');                     ">
                </div>
                            
                    </div>
        <div class="tags tags_primary info_icon">
            
    <div data-alt="Preču piedāvājums atšķirīgs Maxima veikalos, ar aktuālo akcijas preču piedāvājumu aicinām iepazīties uz vietas veikalā!" class="tag i"></div>

        </div>

        <div class="info-notice">
            


                                                                                                                                    </div>

        <div class="img">
          <img alt="Ķerm.kr.ORGANIC SHOP Lemon Macaron 250ml" src="/uploads/sale/2025/sales_page/10/31//kerm-kr-organic-shop-lemon-macaron-250ml-00732-1031101022.png?1761898222">
        </div>
        <div class="text paldies-card      ">
            <div class="title">Ķerm.kr.ORGANIC SHOP Lemon Macaron 250ml</div>
            <div class="pack">
                <span class="ptitle"></span>
                <span class="price"> 21.96 €/l</span>
            </div>
                    </div>
        <div class="infopop">
            <div class="in"><span></span>
                <div class="arrow_top"></div>
                <div class="arrow_bottom"></div>
            </div>
        </div>
    </div>
</div><div class="col-third offer-item">
    <div class="item bl_shadow product-237617 paldies-card  offer-2-l-sp-sku units-price        " data-product-id="237617" data-timeout="77" data-dates-interval="30.10.2025. - 29.04.2026." tabindex="0" role="button">
                                                    <div class="discount price with-unit-price ">
                                                                            <div class="paldies-card-icon with-unit-price">
                        <img src="/images/front/icons/paldies2-icon.png" alt="Paldies">
                    </div>
                                                                
                    <div class="t1 with-unit-price paldies-card">
            <span class="value">20</span>
            <span class="cents">99</span>
            <span class="eur">€</span>
            <span class="unit-price">0.34 €/gab</span>
        </div>
                    <div class="t2">
                <span class="value">39,99</span>
                <span class="eur">€</span>
            </div>
            <div class="t3 with-unit-price">
                <span class="value">39</span>
                <span class="cents">99</span>
                <span class="eur">€</span>
                <span class="unit-price">0.65 €/gab</span>            </div>
            
    <span class="vline"></span>
</div>                    		
        
        
        <div class="tags tags_primary bottom_icons">
                                                            
                                <div data-alt="Atlaide ar PALDIES karti" class="tag tag-soap-2 " style="background-image: url('/uploads/sale/atlaide-ar-paldies-karti-7358.png');                     ">
                </div>
                                                                            
                                <div data-alt="CENU LĪDERI" class="tag tag-soap-29 " style="background-image: url('/uploads/sale/cenu-lideri-6010.png');                     ">
                </div>
                            
                    </div>
        <div class="tags tags_primary info_icon">
            
    <div data-alt="Preču piedāvājums atšķirīgs Maxima veikalos, ar aktuālo akcijas preču piedāvājumu aicinām iepazīties uz vietas veikalā!" class="tag i"></div>

        </div>

        <div class="info-notice">
            


                                                                            </div>

        <div class="img">
          <img alt="Tr.mazg.maš.kaps.FINISH.Ult.Pl.Lem.62gb." src="/uploads/sale/2025/sales_page/10/31//tr-mazg-mas-kaps-finish-ult-pl-lem-62gb-00733-1031094028.png?1761896428">
        </div>
        <div class="text paldies-card      ">
            <div class="title">Tr.mazg.maš.kaps.FINISH.Ult.Pl.Lem.62gb.</div>
            <div class="pack">
                <span class="ptitle"></span>
                <span class="price"> 0.65 €/gab</span>
            </div>
                    </div>
        <div class="infopop">
            <div class="in"><span></span>
                <div class="arrow_top"></div>
                <div class="arrow_bottom"></div>
            </div>
        </div>
    </div>
</div><div class="col-third offer-item">
    <div class="item bl_shadow product-237425 paldies-card  offer-2-l-sp-sku units-price        " data-product-id="237425" data-timeout="77" data-dates-interval="30.01.2025. - 29.04.2026." tabindex="0" role="button">
                                                    <div class="discount price with-unit-price ">
                                                                            <div class="paldies-card-icon with-unit-price">
                        <img src="/images/front/icons/paldies2-icon.png" alt="Paldies">
                    </div>
                                                                                                
                    <div class="t1 with-unit-price paldies-card">
            <span class="value">1</span>
            <span class="cents">19</span>
            <span class="eur">€</span>
            <span class="unit-price">0.06 €/gab</span>
        </div>
                    <div class="t2">
                <span class="value">1,99</span>
                <span class="eur">€</span>
            </div>
            <div class="t3 with-unit-price">
                <span class="value">1</span>
                <span class="cents">99</span>
                <span class="eur">€</span>
                <span class="unit-price">0.10 €/gab</span>            </div>
            
    <span class="vline"></span>
</div>                    		
        
        
        <div class="tags tags_primary bottom_icons">
                                                            
                                <div data-alt="Atlaide ar PALDIES karti" class="tag tag-soap-2 " style="background-image: url('/uploads/sale/atlaide-ar-paldies-karti-7358.png');                     ">
                </div>
                                                                            
                                <div data-alt="Latvijas produkts" class="tag tag-soap-6 " style="background-image: url('/uploads/sale/latvijas-produkts-3559.png');                     ">
                </div>
                                                                            
                                <div data-alt="CENU LĪDERI" class="tag tag-soap-29 " style="background-image: url('/uploads/sale/cenu-lideri-6010.png');                     ">
                </div>
                            
                    </div>
        <div class="tags tags_primary info_icon">
            
    <div data-alt="Preču piedāvājums atšķirīgs Maxima veikalos, ar aktuālo akcijas preču piedāvājumu aicinām iepazīties uz vietas veikalā!" class="tag i"></div>

        </div>

        <div class="info-notice">
            


                                                                                                        </div>

        <div class="img">
          <img alt="Šķīst.tabletes HERB'S Vitamin C 20gab." src="/uploads/sale/2025/sales_page/10/29//skist-tabletes-herb-s-vitamin-c-20gab-00734-0210093018.png?1770708618">
        </div>
        <div class="text paldies-card      ">
            <div class="title">Šķīst.tabletes HERB'S Vitamin C 20gab.</div>
            <div class="pack">
                <span class="ptitle"></span>
                <span class="price"> 0.10 €/gab</span>
            </div>
                    </div>
        <div class="infopop">
            <div class="in"><span></span>
                <div class="arrow_top"></div>
                <div class="arrow_bottom"></div>
            </div>
        </div>
    </div>
</div><div class="col-third offer-item">
    <div class="item bl_shadow product-237426 paldies-card  offer-2-l-sp-sku units-price        " data-product-id="237426" data-timeout="77" data-dates-interval="30.07.2024. - 29.04.2026." tabindex="0" role="button">
                                                    <div class="discount price with-unit-price ">
                                                                            <div class="paldies-card-icon with-unit-price">
                        <img src="/images/front/icons/paldies2-icon.png" alt="Paldies">
                    </div>
                                                                
                    <div class="t1 with-unit-price paldies-card">
            <span class="value">5</span>
            <span class="cents">29</span>
            <span class="eur">€</span>
            <span class="unit-price">3.11 €/l</span>
        </div>
                    <div class="t2">
                <span class="value">8,19</span>
                <span class="eur">€</span>
            </div>
            <div class="t3 with-unit-price">
                <span class="value">8</span>
                <span class="cents">19</span>
                <span class="eur">€</span>
                <span class="unit-price">4.82 €/l</span>            </div>
            
    <span class="vline"></span>
</div>                    		
        
        
        <div class="tags tags_primary bottom_icons">
                                                            
                                <div data-alt="Atlaide ar PALDIES karti" class="tag tag-soap-2 " style="background-image: url('/uploads/sale/atlaide-ar-paldies-karti-7358.png');                     ">
                </div>
                                                                            
                                <div data-alt="CENU LĪDERI" class="tag tag-soap-29 " style="background-image: url('/uploads/sale/cenu-lideri-6010.png');                     ">
                </div>
                            
                    </div>
        <div class="tags tags_primary info_icon">
            
    <div data-alt="Preču piedāvājums atšķirīgs Maxima veikalos, ar aktuālo akcijas preču piedāvājumu aicinām iepazīties uz vietas veikalā!" class="tag i"></div>

        </div>

        <div class="info-notice">
            


                                                                            </div>

        <div class="img">
          <img alt="Veļas mīkst.COCCOLINO Sensit.68m.r.1,7L" src="/uploads/sale/2025/sales_page/10/29//velas-mikst-coccolino-sensit-68m-r-1-7l-00735-0210095521.png?1770710121">
        </div>
        <div class="text paldies-card      ">
            <div class="title">Veļas mīkst.COCCOLINO Sensit.68m.r.1,7L</div>
            <div class="pack">
                <span class="ptitle"></span>
                <span class="price"> 4.82 €/l</span>
            </div>
                    </div>
        <div class="infopop">
            <div class="in"><span></span>
                <div class="arrow_top"></div>
                <div class="arrow_bottom"></div>
            </div>
        </div>
    </div>
</div><div class="col-third offer-item">
    <div class="item bl_shadow product-237427 paldies-card  offer-2-l-sp-sku units-price        " data-product-id="237427" data-timeout="77" data-dates-interval="30.07.2024. - 29.04.2026." tabindex="0" role="button">
                                                    <div class="discount price with-unit-price ">
                                                                            <div class="paldies-card-icon with-unit-price">
                        <img src="/images/front/icons/paldies2-icon.png" alt="Paldies">
                    </div>
                                                                
                    <div class="t1 with-unit-price paldies-card">
            <span class="value">5</span>
            <span class="cents">29</span>
            <span class="eur">€</span>
            <span class="unit-price">3.11 €/l</span>
        </div>
                    <div class="t2">
                <span class="value">8,19</span>
                <span class="eur">€</span>
            </div>
            <div class="t3 with-unit-price">
                <span class="value">8</span>
                <span class="cents">19</span>
                <span class="eur">€</span>
                <span class="unit-price">4.82 €/l</span>            </div>
            
    <span class="vline"></span>
</div>                    		
        
        
        <div class="tags tags_primary bottom_icons">
                                                            
                                <div data-alt="Atlaide ar PALDIES karti" class="tag tag-soap-2 " style="background-image: url('/uploads/sale/atlaide-ar-paldies-karti-7358.png');                     ">
                </div>
                                                                            
                                <div data-alt="CENU LĪDERI" class="tag tag-soap-29 " style="background-image: url('/uploads/sale/cenu-lideri-6010.png');                     ">
                </div>
                            
                    </div>
        <div class="tags tags_primary info_icon">
            
    <div data-alt="Preču piedāvājums atšķirīgs Maxima veikalos, ar aktuālo akcijas preču piedāvājumu aicinām iepazīties uz vietas veikalā!" class="tag i"></div>

        </div>

        <div class="info-notice">
            


                                                                            </div>

        <div class="img">
          <img alt="Veļas mīkstin.COCCOLINO Blue 68m.r.1,7L" src="/uploads/sale/2025/sales_page/10/29//velas-mikstin-coccolino-blue-68m-r-1-7l-00736-0210095521.png?1770710121">
        </div>
        <div class="text paldies-card      ">
            <div class="title">Veļas mīkstin.COCCOLINO Blue 68m.r.1,7L</div>
            <div class="pack">
                <span class="ptitle"></span>
                <span class="price"> 4.82 €/l</span>
            </div>
                    </div>
        <div class="infopop">
            <div class="in"><span></span>
                <div class="arrow_top"></div>
                <div class="arrow_bottom"></div>
            </div>
        </div>
    </div>
</div><div class="col-third offer-item">
    <div class="item bl_shadow product-237428 paldies-card  offer-2-l-sp-sku units-price        " data-product-id="237428" data-timeout="77" data-dates-interval="30.07.2024. - 29.04.2026." tabindex="0" role="button">
                                                    <div class="discount price with-unit-price ">
                                                                            <div class="paldies-card-icon with-unit-price">
                        <img src="/images/front/icons/paldies2-icon.png" alt="Paldies">
                    </div>
                                                                
                    <div class="t1 with-unit-price paldies-card">
            <span class="value">5</span>
            <span class="cents">29</span>
            <span class="eur">€</span>
            <span class="unit-price">3.11 €/l</span>
        </div>
                    <div class="t2">
                <span class="value">8,19</span>
                <span class="eur">€</span>
            </div>
            <div class="t3 with-unit-price">
                <span class="value">8</span>
                <span class="cents">19</span>
                <span class="eur">€</span>
                <span class="unit-price">4.82 €/l</span>            </div>
            
    <span class="vline"></span>
</div>                    		
        
        
        <div class="tags tags_primary bottom_icons">
                                                            
                                <div data-alt="Atlaide ar PALDIES karti" class="tag tag-soap-2 " style="background-image: url('/uploads/sale/atlaide-ar-paldies-karti-7358.png');                     ">
                </div>
                                                                            
                                <div data-alt="CENU LĪDERI" class="tag tag-soap-29 " style="background-image: url('/uploads/sale/cenu-lideri-6010.png');                     ">
                </div>
                            
                    </div>
        <div class="tags tags_primary info_icon">
            
    <div data-alt="Preču piedāvājums atšķirīgs Maxima veikalos, ar aktuālo akcijas preču piedāvājumu aicinām iepazīties uz vietas veikalā!" class="tag i"></div>

        </div>

        <div class="info-notice">
            


                                                                            </div>

        <div class="img">
          <img alt="Veļas mīkstin.COCCOLINO Lily 68m.r.1,7L" src="/uploads/sale/2025/sales_page/10/29//velas-mikstin-coccolino-lily-68m-r-1-7l-00737-0210095521.png?1770710121">
        </div>
        <div class="text paldies-card      ">
            <div class="title">Veļas mīkstin.COCCOLINO Lily 68m.r.1,7L</div>
            <div class="pack">
                <span class="ptitle"></span>
                <span class="price"> 4.82 €/l</span>
            </div>
                    </div>
        <div class="infopop">
            <div class="in"><span></span>
                <div class="arrow_top"></div>
                <div class="arrow_bottom"></div>
            </div>
        </div>
    </div>
</div><div class="col-third offer-item">
    <div class="item bl_shadow product-237430 paldies-card  offer-2-l-sp-sku units-price        " data-product-id="237430" data-timeout="77" data-dates-interval="30.07.2024. - 29.04.2026." tabindex="0" role="button">
                                                    <div class="discount price with-unit-price ">
                                                                            <div class="paldies-card-icon with-unit-price">
                        <img src="/images/front/icons/paldies2-icon.png" alt="Paldies">
                    </div>
                                                                
                    <div class="t1 with-unit-price paldies-card">
            <span class="value">18</span>
            <span class="cents">99</span>
            <span class="eur">€</span>
            <span class="unit-price">4.80 €/l</span>
        </div>
                    <div class="t2">
                <span class="value">34,99</span>
                <span class="eur">€</span>
            </div>
            <div class="t3 with-unit-price">
                <span class="value">34</span>
                <span class="cents">99</span>
                <span class="eur">€</span>
                <span class="unit-price">9.72 €/l</span>            </div>
            
    <span class="vline"></span>
</div>                    		
        
        
        <div class="tags tags_primary bottom_icons">
                                                            
                                <div data-alt="Atlaide ar PALDIES karti" class="tag tag-soap-2 " style="background-image: url('/uploads/sale/atlaide-ar-paldies-karti-7358.png');                     ">
                </div>
                                                                            
                                <div data-alt="CENU LĪDERI" class="tag tag-soap-29 " style="background-image: url('/uploads/sale/cenu-lideri-6010.png');                     ">
                </div>
                            
                    </div>
        <div class="tags tags_primary info_icon">
            
    <div data-alt="Preču piedāvājums atšķirīgs Maxima veikalos, ar aktuālo akcijas preču piedāvājumu aicinām iepazīties uz vietas veikalā!" class="tag i"></div>

        </div>

        <div class="info-notice">
            


                                                                            </div>

        <div class="img">
          <img alt="Veļ.mazg.līdz.PERSIL Lav.Col. 80m.r.3,6L" src="/uploads/sale/2025/sales_page/10/29//vel-mazg-lidz-persil-lav-col-80m-r-3-6l-00739-0210094017.png?1770709217">
        </div>
        <div class="text paldies-card      ">
            <div class="title">Veļ.mazg.līdz.PERSIL Lav.Col. 80m.r.3,6L</div>
            <div class="pack">
                <span class="ptitle"></span>
                <span class="price"> 9.72 €/l</span>
            </div>
                    </div>
        <div class="infopop">
            <div class="in"><span></span>
                <div class="arrow_top"></div>
                <div class="arrow_bottom"></div>
            </div>
        </div>
    </div>
</div><div class="col-third offer-item">
    <div class="item bl_shadow product-237431 paldies-card  offer-2-l-sp-sku units-price        " data-product-id="237431" data-timeout="77" data-dates-interval="30.07.2024. - 29.04.2026." tabindex="0" role="button">
                                                    <div class="discount price with-unit-price ">
                                                                            <div class="paldies-card-icon with-unit-price">
                        <img src="/images/front/icons/paldies2-icon.png" alt="Paldies">
                    </div>
                                                                
                    <div class="t1 with-unit-price paldies-card">
            <span class="value">6</span>
            <span class="cents">99</span>
            <span class="eur">€</span>
            <span class="unit-price">6.35 €/kg</span>
        </div>
                    <div class="t2">
                <span class="value">9,99</span>
                <span class="eur">€</span>
            </div>
            <div class="t3 with-unit-price">
                <span class="value">9</span>
                <span class="cents">99</span>
                <span class="eur">€</span>
                <span class="unit-price">9.08 €/kg</span>            </div>
            
    <span class="vline"></span>
</div>                    		
        
        
        <div class="tags tags_primary bottom_icons">
                                                            
                                <div data-alt="Atlaide ar PALDIES karti" class="tag tag-soap-2 " style="background-image: url('/uploads/sale/atlaide-ar-paldies-karti-7358.png');                     ">
                </div>
                                                                            
                                <div data-alt="CENU LĪDERI" class="tag tag-soap-29 " style="background-image: url('/uploads/sale/cenu-lideri-6010.png');                     ">
                </div>
                            
                    </div>
        <div class="tags tags_primary info_icon">
            
    <div data-alt="Preču piedāvājums atšķirīgs Maxima veikalos, ar aktuālo akcijas preču piedāvājumu aicinām iepazīties uz vietas veikalā!" class="tag i"></div>

        </div>

        <div class="info-notice">
            


                                                                            </div>

        <div class="img">
          <img alt="Veļas pulveris PERSIL Color 20m.r. 1,1kg" src="/uploads/sale/2025/sales_page/10/29//velas-pulveris-persil-color-20m-r-1-1kg-00740-1029180526.png?1761753926">
        </div>
        <div class="text paldies-card      ">
            <div class="title">Veļas pulveris PERSIL Color 20m.r. 1,1kg</div>
            <div class="pack">
                <span class="ptitle"></span>
                <span class="price"> 9.08 €/kg</span>
            </div>
                    </div>
        <div class="infopop">
            <div class="in"><span></span>
                <div class="arrow_top"></div>
                <div class="arrow_bottom"></div>
            </div>
        </div>
    </div>
</div><div class="col-third offer-item">
    <div class="item bl_shadow product-237442 paldies-card  offer-2-l-sp-sku units-price        " data-product-id="237442" data-timeout="77" data-dates-interval="30.07.2024. - 29.04.2026." tabindex="0" role="button">
                                                    <div class="discount price with-unit-price ">
                                                                            <div class="paldies-card-icon with-unit-price">
                        <img src="/images/front/icons/paldies2-icon.png" alt="Paldies">
                    </div>
                                                                
                    <div class="t1 with-unit-price paldies-card">
            <span class="value">18</span>
            <span class="cents">99</span>
            <span class="eur">€</span>
            <span class="unit-price">4.80 €/l</span>
        </div>
                    <div class="t2">
                <span class="value">34,99</span>
                <span class="eur">€</span>
            </div>
            <div class="t3 with-unit-price">
                <span class="value">34</span>
                <span class="cents">99</span>
                <span class="eur">€</span>
                <span class="unit-price">8.84 €/l</span>            </div>
            
    <span class="vline"></span>
</div>                    		
        
        
        <div class="tags tags_primary bottom_icons">
                                                            
                                <div data-alt="Atlaide ar PALDIES karti" class="tag tag-soap-2 " style="background-image: url('/uploads/sale/atlaide-ar-paldies-karti-7358.png');                     ">
                </div>
                                                                            
                                <div data-alt="CENU LĪDERI" class="tag tag-soap-29 " style="background-image: url('/uploads/sale/cenu-lideri-6010.png');                     ">
                </div>
                            
                    </div>
        <div class="tags tags_primary info_icon">
            
    <div data-alt="Preču piedāvājums atšķirīgs Maxima veikalos, ar aktuālo akcijas preču piedāvājumu aicinām iepazīties uz vietas veikalā!" class="tag i"></div>

        </div>

        <div class="info-notice">
            


                                                                            </div>

        <div class="img">
          <img alt="Veļ.mazg.līdz.PERSIL Regular 88m.r.3,96L" src="/uploads/sale/2025/sales_page/10/29//vel-mazg-lidz-persil-regular-88m-r-3-96l-00741-0210094017.png?1770709217">
        </div>
        <div class="text paldies-card      ">
            <div class="title">Veļ.mazg.līdz.PERSIL Regular 88m.r.3,96L</div>
            <div class="pack">
                <span class="ptitle"></span>
                <span class="price"> 8.84 €/l</span>
            </div>
                    </div>
        <div class="infopop">
            <div class="in"><span></span>
                <div class="arrow_top"></div>
                <div class="arrow_bottom"></div>
            </div>
        </div>
    </div>
</div><div class="col-third offer-item">
    <div class="item bl_shadow product-237246 paldies-card  offer-2-l-sp-sku units-price        " data-product-id="237246" data-timeout="77" data-dates-interval="30.01.2025. - 29.04.2026." tabindex="0" role="button">
                                                    <div class="discount price with-unit-price ">
                                                                            <div class="paldies-card-icon with-unit-price">
                        <img src="/images/front/icons/paldies2-icon.png" alt="Paldies">
                    </div>
                                                                                                                                                                
                    <div class="t1 with-unit-price paldies-card">
            <span class="value">9</span>
            <span class="cents">99</span>
            <span class="eur">€</span>
            <span class="unit-price">3.70 €/l</span>
        </div>
                    <div class="t2">
                <span class="value">14,99</span>
                <span class="eur">€</span>
            </div>
            <div class="t3 with-unit-price">
                <span class="value">14</span>
                <span class="cents">99</span>
                <span class="eur">€</span>
                <span class="unit-price">5.55 €/l</span>            </div>
            
    <span class="vline"></span>
</div>                    		
        
        
        <div class="tags tags_primary bottom_icons">
                                                            
                                <div data-alt="Atlaide ar PALDIES karti" class="tag tag-soap-2 " style="background-image: url('/uploads/sale/atlaide-ar-paldies-karti-7358.png');                     ">
                </div>
                                                                            
                                <div data-alt="Prece pieejama MAXIMA XX veikalos" class="tag tag-soap-3 tag-shops" style="background-image: url('/uploads/sale/piedavajums-speka-maxima-xx-veikalos-6057.png');                     ">
                </div>
                                                                            
                                <div data-alt="Prece pieejama MAXIMA XXX veikalos" class="tag tag-soap-4 tag-shops" style="background-image: url('/uploads/sale/piedavajums-speka-maxima-xxx-veikalos-3117.png');                     ">
                </div>
                                                                            
                                <div data-alt="Latvijas produkts" class="tag tag-soap-6 " style="background-image: url('/uploads/sale/latvijas-produkts-3559.png');                     ">
                </div>
                                                                            
                                <div data-alt="CENU LĪDERI" class="tag tag-soap-29 " style="background-image: url('/uploads/sale/cenu-lideri-6010.png');                     ">
                </div>
                            
                    </div>
        <div class="tags tags_primary info_icon">
            
    <div data-alt="Preču piedāvājums atšķirīgs Maxima veikalos, ar aktuālo akcijas preču piedāvājumu aicinām iepazīties uz vietas veikalā!" class="tag i"></div>

        </div>

        <div class="info-notice">
            


                                                                                                                                                                </div>

        <div class="img">
          <img alt="Veļ.mazg.līdz.KASTANIS Effect 67m.r.2,7L" src="/uploads/sale/2025/sales_page/10/29//vel-mazg-lidz-kastanis-effect-67m-r-2-7l-00820-0113102017.png?1768292417">
        </div>
        <div class="text paldies-card      ">
            <div class="title">Veļ.mazg.līdz.KASTANIS Effect 67m.r.2,7L</div>
            <div class="pack">
                <span class="ptitle"></span>
                <span class="price"> 5.55 €/l</span>
            </div>
                    </div>
        <div class="infopop">
            <div class="in"><span></span>
                <div class="arrow_top"></div>
                <div class="arrow_bottom"></div>
            </div>
        </div>
    </div>
</div><div class="col-third offer-item">
    <div class="item bl_shadow product-237247 paldies-card  offer-2-l-sp-sku units-price        " data-product-id="237247" data-timeout="77" data-dates-interval="30.01.2025. - 29.04.2026." tabindex="0" role="button">
                                                    <div class="discount price with-unit-price ">
                                                                            <div class="paldies-card-icon with-unit-price">
                        <img src="/images/front/icons/paldies2-icon.png" alt="Paldies">
                    </div>
                                                                                                
                    <div class="t1 with-unit-price paldies-card">
            <span class="value">9</span>
            <span class="cents">99</span>
            <span class="eur">€</span>
            <span class="unit-price">3.70 €/l</span>
        </div>
                    <div class="t2">
                <span class="value">14,99</span>
                <span class="eur">€</span>
            </div>
            <div class="t3 with-unit-price">
                <span class="value">14</span>
                <span class="cents">99</span>
                <span class="eur">€</span>
                <span class="unit-price">5.55 €/l</span>            </div>
            
    <span class="vline"></span>
</div>                    		
        
        
        <div class="tags tags_primary bottom_icons">
                                                            
                                <div data-alt="Atlaide ar PALDIES karti" class="tag tag-soap-2 " style="background-image: url('/uploads/sale/atlaide-ar-paldies-karti-7358.png');                     ">
                </div>
                                                                            
                                <div data-alt="Latvijas produkts" class="tag tag-soap-6 " style="background-image: url('/uploads/sale/latvijas-produkts-3559.png');                     ">
                </div>
                                                                            
                                <div data-alt="CENU LĪDERI" class="tag tag-soap-29 " style="background-image: url('/uploads/sale/cenu-lideri-6010.png');                     ">
                </div>
                            
                    </div>
        <div class="tags tags_primary info_icon">
            
    <div data-alt="Preču piedāvājums atšķirīgs Maxima veikalos, ar aktuālo akcijas preču piedāvājumu aicinām iepazīties uz vietas veikalā!" class="tag i"></div>

        </div>

        <div class="info-notice">
            


                                                                                                        </div>

        <div class="img">
          <img alt="Veļ.mazg.līdz.KASTANIS Color 67m.r.2,7L" src="/uploads/sale/2025/sales_page/10/29//vel-mazg-lidz-kastanis-color-67m-r-2-7l-00821-0113102017.png?1768292417">
        </div>
        <div class="text paldies-card      ">
            <div class="title">Veļ.mazg.līdz.KASTANIS Color 67m.r.2,7L</div>
            <div class="pack">
                <span class="ptitle"></span>
                <span class="price"> 5.55 €/l</span>
            </div>
                    </div>
        <div class="infopop">
            <div class="in"><span></span>
                <div class="arrow_top"></div>
                <div class="arrow_bottom"></div>
            </div>
        </div>
    </div>
</div><div class="col-third offer-item">
    <div class="item bl_shadow product-237607 paldies-card  offer-2-l-sp-sku units-price        " data-product-id="237607" data-timeout="77" data-dates-interval="30.10.2025. - 29.04.2026." tabindex="0" role="button">
                                                    <div class="discount price with-unit-price ">
                                                                            <div class="paldies-card-icon with-unit-price">
                        <img src="/images/front/icons/paldies2-icon.png" alt="Paldies">
                    </div>
                                                                
                    <div class="t1 with-unit-price paldies-card">
            <span class="value">8</span>
            <span class="cents">99</span>
            <span class="eur">€</span>
            <span class="unit-price">0.90 €/gab</span>
        </div>
                    <div class="t2">
                <span class="value">12,99</span>
                <span class="eur">€</span>
            </div>
            <div class="t3 with-unit-price">
                <span class="value">12</span>
                <span class="cents">99</span>
                <span class="eur">€</span>
                <span class="unit-price">1.30 €/gab</span>            </div>
            
    <span class="vline"></span>
</div>                    		
        
        
        <div class="tags tags_primary bottom_icons">
                                                            
                                <div data-alt="Atlaide ar PALDIES karti" class="tag tag-soap-2 " style="background-image: url('/uploads/sale/atlaide-ar-paldies-karti-7358.png');                     ">
                </div>
                                                                            
                                <div data-alt="CENU LĪDERI" class="tag tag-soap-29 " style="background-image: url('/uploads/sale/cenu-lideri-6010.png');                     ">
                </div>
                            
                    </div>
        <div class="tags tags_primary info_icon">
            
    <div data-alt="Preču piedāvājums atšķirīgs Maxima veikalos, ar aktuālo akcijas preču piedāvājumu aicinām iepazīties uz vietas veikalā!" class="tag i"></div>

        </div>

        <div class="info-notice">
            


                                                                            </div>

        <div class="img">
          <img alt="Prezervatīvi DUREX Pleasuremax 10gab." src="/uploads/sale/2025/sales_page/10/31//prezervativi-durex-pleasuremax-10gab-00822-1031094026.png?1761896426">
        </div>
        <div class="text paldies-card      ">
            <div class="title">Prezervatīvi DUREX Pleasuremax 10gab.</div>
            <div class="pack">
                <span class="ptitle"></span>
                <span class="price"> 1.30 €/gab</span>
            </div>
                    </div>
        <div class="infopop">
            <div class="in"><span></span>
                <div class="arrow_top"></div>
                <div class="arrow_bottom"></div>
            </div>
        </div>
    </div>
</div><div class="col-third offer-item">
    <div class="item bl_shadow product-237608 paldies-card  offer-2-l-sp-sku units-price        " data-product-id="237608" data-timeout="77" data-dates-interval="30.10.2025. - 29.04.2026." tabindex="0" role="button">
                                                    <div class="discount price with-unit-price ">
                                                                            <div class="paldies-card-icon with-unit-price">
                        <img src="/images/front/icons/paldies2-icon.png" alt="Paldies">
                    </div>
                                                                
                    <div class="t1 with-unit-price paldies-card">
            <span class="value">4</span>
            <span class="cents">69</span>
            <span class="eur">€</span>
            <span class="unit-price">11.72 €/l</span>
        </div>
                    <div class="t2">
                <span class="value">7,89</span>
                <span class="eur">€</span>
            </div>
            <div class="t3 with-unit-price">
                <span class="value">7</span>
                <span class="cents">89</span>
                <span class="eur">€</span>
                <span class="unit-price">19.73 €/l</span>            </div>
            
    <span class="vline"></span>
</div>                    		
        
        
        <div class="tags tags_primary bottom_icons">
                                                            
                                <div data-alt="Atlaide ar PALDIES karti" class="tag tag-soap-2 " style="background-image: url('/uploads/sale/atlaide-ar-paldies-karti-7358.png');                     ">
                </div>
                                                                            
                                <div data-alt="CENU LĪDERI" class="tag tag-soap-29 " style="background-image: url('/uploads/sale/cenu-lideri-6010.png');                     ">
                </div>
                            
                    </div>
        <div class="tags tags_primary info_icon">
            
    <div data-alt="Preču piedāvājums atšķirīgs Maxima veikalos, ar aktuālo akcijas preču piedāvājumu aicinām iepazīties uz vietas veikalā!" class="tag i"></div>

        </div>

        <div class="info-notice">
            


                                                                            </div>

        <div class="img">
          <img alt="Šampūns L'OREAL ELSEVE Dream Long 400ml" src="/uploads/sale/2025/sales_page/10/31//sampuns-l-oreal-elseve-dream-long-400ml-00824-1031094026.png?1761896426">
        </div>
        <div class="text paldies-card      ">
            <div class="title">Šampūns L'OREAL ELSEVE Dream Long 400ml</div>
            <div class="pack">
                <span class="ptitle"></span>
                <span class="price"> 19.73 €/l</span>
            </div>
                    </div>
        <div class="infopop">
            <div class="in"><span></span>
                <div class="arrow_top"></div>
                <div class="arrow_bottom"></div>
            </div>
        </div>
    </div>
</div><div class="col-third offer-item">
    <div class="item bl_shadow product-237280 paldies-card  offer-2-l-sp-sku units-price        " data-product-id="237280" data-timeout="77" data-dates-interval="29.04.2025. - 29.04.2026." tabindex="0" role="button">
                                                    <div class="discount price with-unit-price ">
                                                                            <div class="paldies-card-icon with-unit-price">
                        <img src="/images/front/icons/paldies2-icon.png" alt="Paldies">
                    </div>
                                                                
                    <div class="t1 with-unit-price paldies-card">
            <span class="value">1</span>
            <span class="cents">39</span>
            <span class="eur">€</span>
            <span class="unit-price">2.78 €/l</span>
        </div>
                    <div class="t2">
                <span class="value">1,89</span>
                <span class="eur">€</span>
            </div>
            <div class="t3 with-unit-price">
                <span class="value">1</span>
                <span class="cents">89</span>
                <span class="eur">€</span>
                <span class="unit-price">3.78 €/l</span>            </div>
            
    <span class="vline"></span>
</div>                    		
        
        
        <div class="tags tags_primary bottom_icons">
                                                            
                                <div data-alt="Atlaide ar PALDIES karti" class="tag tag-soap-2 " style="background-image: url('/uploads/sale/atlaide-ar-paldies-karti-7358.png');                     ">
                </div>
                                                                            
                                <div data-alt="CENU LĪDERI" class="tag tag-soap-29 " style="background-image: url('/uploads/sale/cenu-lideri-6010.png');                     ">
                </div>
                            
                    </div>
        <div class="tags tags_primary info_icon">
            
    <div data-alt="Preču piedāvājums atšķirīgs Maxima veikalos, ar aktuālo akcijas preču piedāvājumu aicinām iepazīties uz vietas veikalā!" class="tag i"></div>

        </div>

        <div class="info-notice">
            


                                                                            </div>

        <div class="img">
          <img alt="Tr.mazg.līdz.hipo.MAYERI Aloe Vera 500ml" src="/uploads/sale/2025/sales_page/10/29//tr-mazg-lidz-hipo-mayeri-aloe-vera-500ml-00827-1029180552.png?1761753952">
        </div>
        <div class="text paldies-card      ">
            <div class="title">Tr.mazg.līdz.hipo.MAYERI Aloe Vera 500ml</div>
            <div class="pack">
                <span class="ptitle"></span>
                <span class="price"> 3.78 €/l</span>
            </div>
                    </div>
        <div class="infopop">
            <div class="in"><span></span>
                <div class="arrow_top"></div>
                <div class="arrow_bottom"></div>
            </div>
        </div>
    </div>
</div><div class="col-third offer-item">
    <div class="item bl_shadow product-237610 paldies-card  offer-2-l-sp-sku units-price        " data-product-id="237610" data-timeout="77" data-dates-interval="30.10.2025. - 29.04.2026." tabindex="0" role="button">
                                                    <div class="discount price with-unit-price ">
                                                                            <div class="paldies-card-icon with-unit-price">
                        <img src="/images/front/icons/paldies2-icon.png" alt="Paldies">
                    </div>
                                                                
                    <div class="t1 with-unit-price paldies-card">
            <span class="value">4</span>
            <span class="cents">69</span>
            <span class="eur">€</span>
            <span class="unit-price">11.72 €/l</span>
        </div>
                    <div class="t2">
                <span class="value">7,89</span>
                <span class="eur">€</span>
            </div>
            <div class="t3 with-unit-price">
                <span class="value">7</span>
                <span class="cents">89</span>
                <span class="eur">€</span>
                <span class="unit-price">19.73 €/l</span>            </div>
            
    <span class="vline"></span>
</div>                    		
        
        
        <div class="tags tags_primary bottom_icons">
                                                            
                                <div data-alt="Atlaide ar PALDIES karti" class="tag tag-soap-2 " style="background-image: url('/uploads/sale/atlaide-ar-paldies-karti-7358.png');                     ">
                </div>
                                                                            
                                <div data-alt="CENU LĪDERI" class="tag tag-soap-29 " style="background-image: url('/uploads/sale/cenu-lideri-6010.png');                     ">
                </div>
                            
                    </div>
        <div class="tags tags_primary info_icon">
            
    <div data-alt="Preču piedāvājums atšķirīgs Maxima veikalos, ar aktuālo akcijas preču piedāvājumu aicinām iepazīties uz vietas veikalā!" class="tag i"></div>

        </div>

        <div class="info-notice">
            


                                                                            </div>

        <div class="img">
          <img alt="Kondic.L'OREAL ELSEVE Dream Long 400ml" src="/uploads/sale/2025/sales_page/10/31//kondic-l-oreal-elseve-dream-long-400ml-00828-1031094026.png?1761896426">
        </div>
        <div class="text paldies-card      ">
            <div class="title">Kondic.L'OREAL ELSEVE Dream Long 400ml</div>
            <div class="pack">
                <span class="ptitle"></span>
                <span class="price"> 19.73 €/l</span>
            </div>
                    </div>
        <div class="infopop">
            <div class="in"><span></span>
                <div class="arrow_top"></div>
                <div class="arrow_bottom"></div>
            </div>
        </div>
    </div>
</div><div class="col-third offer-item">
    <div class="item bl_shadow product-237281 paldies-card  offer-2-l-sp-sku units-price        " data-product-id="237281" data-timeout="77" data-dates-interval="29.04.2025. - 29.04.2026." tabindex="0" role="button">
                                                    <div class="discount price with-unit-price ">
                                                                            <div class="paldies-card-icon with-unit-price">
                        <img src="/images/front/icons/paldies2-icon.png" alt="Paldies">
                    </div>
                                                                
                    <div class="t1 with-unit-price paldies-card">
            <span class="value">21</span>
            <span class="cents">99</span>
            <span class="eur">€</span>
            <span class="unit-price">0.32 €/gab</span>
        </div>
                    <div class="t2">
                <span class="value">39,99</span>
                <span class="eur">€</span>
            </div>
            <div class="t3 with-unit-price">
                <span class="value">39</span>
                <span class="cents">99</span>
                <span class="eur">€</span>
                <span class="unit-price">0.59 €/gab</span>            </div>
            
    <span class="vline"></span>
</div>                    		
        
        
        <div class="tags tags_primary bottom_icons">
                                                            
                                <div data-alt="Atlaide ar PALDIES karti" class="tag tag-soap-2 " style="background-image: url('/uploads/sale/atlaide-ar-paldies-karti-7358.png');                     ">
                </div>
                                                                            
                                <div data-alt="CENU LĪDERI" class="tag tag-soap-29 " style="background-image: url('/uploads/sale/cenu-lideri-6010.png');                     ">
                </div>
                            
                    </div>
        <div class="tags tags_primary info_icon">
            
    <div data-alt="Preču piedāvājums atšķirīgs Maxima veikalos, ar aktuālo akcijas preču piedāvājumu aicinām iepazīties uz vietas veikalā!" class="tag i"></div>

        </div>

        <div class="info-notice">
            


                                                                            </div>

        <div class="img">
          <img alt="Veļas mazg.kapsulas PERSIL Color 68m.r." src="/uploads/sale/2025/sales_page/10/29//velas-mazg-kapsulas-persil-color-68m-r-00829-0210094017.png?1770709217">
        </div>
        <div class="text paldies-card      ">
            <div class="title">Veļas mazg.kapsulas PERSIL Color 68m.r.</div>
            <div class="pack">
                <span class="ptitle"></span>
                <span class="price"> 0.59 €/gab</span>
            </div>
                    </div>
        <div class="infopop">
            <div class="in"><span></span>
                <div class="arrow_top"></div>
                <div class="arrow_bottom"></div>
            </div>
        </div>
    </div>
</div><div class="col-third offer-item">
    <div class="item bl_shadow product-237302 paldies-card  offer-2-l-sp-sku units-price        " data-product-id="237302" data-timeout="77" data-dates-interval="29.04.2025. - 29.04.2026." tabindex="0" role="button">
                                                    <div class="discount price with-unit-price ">
                                                                            <div class="paldies-card-icon with-unit-price">
                        <img src="/images/front/icons/paldies2-icon.png" alt="Paldies">
                    </div>
                                                                                                                                
                    <div class="t1 with-unit-price paldies-card">
            <span class="value">21</span>
            <span class="cents">99</span>
            <span class="eur">€</span>
            <span class="unit-price">0.32 €/gab</span>
        </div>
                    <div class="t2">
                <span class="value">39,99</span>
                <span class="eur">€</span>
            </div>
            <div class="t3 with-unit-price">
                <span class="value">39</span>
                <span class="cents">99</span>
                <span class="eur">€</span>
                <span class="unit-price">0.59 €/gab</span>            </div>
            
    <span class="vline"></span>
</div>                    		
        
        
        <div class="tags tags_primary bottom_icons">
                                                            
                                <div data-alt="Atlaide ar PALDIES karti" class="tag tag-soap-2 " style="background-image: url('/uploads/sale/atlaide-ar-paldies-karti-7358.png');                     ">
                </div>
                                                                            
                                <div data-alt="Prece pieejama MAXIMA XX veikalos" class="tag tag-soap-3 tag-shops" style="background-image: url('/uploads/sale/piedavajums-speka-maxima-xx-veikalos-6057.png');                     ">
                </div>
                                                                            
                                <div data-alt="Prece pieejama MAXIMA XXX veikalos" class="tag tag-soap-4 tag-shops" style="background-image: url('/uploads/sale/piedavajums-speka-maxima-xxx-veikalos-3117.png');                     ">
                </div>
                                                                            
                                <div data-alt="CENU LĪDERI" class="tag tag-soap-29 " style="background-image: url('/uploads/sale/cenu-lideri-6010.png');                     ">
                </div>
                            
                    </div>
        <div class="tags tags_primary info_icon">
            
    <div data-alt="Preču piedāvājums atšķirīgs Maxima veikalos, ar aktuālo akcijas preču piedāvājumu aicinām iepazīties uz vietas veikalā!" class="tag i"></div>

        </div>

        <div class="info-notice">
            


                                                                                                                                    </div>

        <div class="img">
          <img alt="Veļas mazg.kapsulas PERSIL Univer.68m.r." src="/uploads/sale/2025/sales_page/10/29//velas-mazg-kapsulas-persil-univer-68m-r-00830-0210094017.png?1770709217">
        </div>
        <div class="text paldies-card      ">
            <div class="title">Veļas mazg.kapsulas PERSIL Univer.68m.r.</div>
            <div class="pack">
                <span class="ptitle"></span>
                <span class="price"> 0.59 €/gab</span>
            </div>
                    </div>
        <div class="infopop">
            <div class="in"><span></span>
                <div class="arrow_top"></div>
                <div class="arrow_bottom"></div>
            </div>
        </div>
    </div>
</div><div class="col-third offer-item">
    <div class="item bl_shadow product-237611 paldies-card  offer-2-l-sp-sku units-price        " data-product-id="237611" data-timeout="77" data-dates-interval="30.10.2025. - 29.04.2026." tabindex="0" role="button">
                                                    <div class="discount price with-unit-price ">
                                                                            <div class="paldies-card-icon with-unit-price">
                        <img src="/images/front/icons/paldies2-icon.png" alt="Paldies">
                    </div>
                                                                                                                                
                    <div class="t1 with-unit-price paldies-card">
            <span class="value">2</span>
            <span class="cents">99</span>
            <span class="eur">€</span>
            <span class="unit-price">7.47 €/l</span>
        </div>
                    <div class="t2">
                <span class="value">4,99</span>
                <span class="eur">€</span>
            </div>
            <div class="t3 with-unit-price">
                <span class="value">4</span>
                <span class="cents">99</span>
                <span class="eur">€</span>
                <span class="unit-price">12.47 €/l</span>            </div>
            
    <span class="vline"></span>
</div>                    		
        
        
        <div class="tags tags_primary bottom_icons">
                                                            
                                <div data-alt="Atlaide ar PALDIES karti" class="tag tag-soap-2 " style="background-image: url('/uploads/sale/atlaide-ar-paldies-karti-7358.png');                     ">
                </div>
                                                                            
                                <div data-alt="Prece pieejama MAXIMA XX veikalos" class="tag tag-soap-3 tag-shops" style="background-image: url('/uploads/sale/piedavajums-speka-maxima-xx-veikalos-6057.png');                     ">
                </div>
                                                                            
                                <div data-alt="Prece pieejama MAXIMA XXX veikalos" class="tag tag-soap-4 tag-shops" style="background-image: url('/uploads/sale/piedavajums-speka-maxima-xxx-veikalos-3117.png');                     ">
                </div>
                                                                            
                                <div data-alt="CENU LĪDERI" class="tag tag-soap-29 " style="background-image: url('/uploads/sale/cenu-lideri-6010.png');                     ">
                </div>
                            
                    </div>
        <div class="tags tags_primary info_icon">
            
    <div data-alt="Preču piedāvājums atšķirīgs Maxima veikalos, ar aktuālo akcijas preču piedāvājumu aicinām iepazīties uz vietas veikalā!" class="tag i"></div>

        </div>

        <div class="info-notice">
            


                                                                                                                                    </div>

        <div class="img">
          <img alt="Dušas želeja DOVE Men Sandalwood 400ml" src="/uploads/sale/2025/sales_page/10/31//dusas-zeleja-dove-men-sandalwood-400ml-00831-1031094026.png?1761896426">
        </div>
        <div class="text paldies-card      ">
            <div class="title">Dušas želeja DOVE Men Sandalwood 400ml</div>
            <div class="pack">
                <span class="ptitle"></span>
                <span class="price"> 12.47 €/l</span>
            </div>
                    </div>
        <div class="infopop">
            <div class="in"><span></span>
                <div class="arrow_top"></div>
                <div class="arrow_bottom"></div>
            </div>
        </div>
    </div>
</div><div class="col-third offer-item">
    <div class="item bl_shadow product-237612 paldies-card  offer-2-l-sp-sku units-price        " data-product-id="237612" data-timeout="63" data-dates-interval="11.09.2025. - 15.04.2026." tabindex="0" role="button">
                                                    <div class="discount price with-unit-price ">
                                                                            <div class="paldies-card-icon with-unit-price">
                        <img src="/images/front/icons/paldies2-icon.png" alt="Paldies">
                    </div>
                                                                                                
                    <div class="t1 with-unit-price paldies-card">
            <span class="value">14</span>
            <span class="cents">99</span>
            <span class="eur">€</span>
            <span class="unit-price">749.50 €/kg</span>
        </div>
                    <div class="t2">
                <span class="value">22,99</span>
                <span class="eur">€</span>
            </div>
            <div class="t3 with-unit-price">
                <span class="value">22</span>
                <span class="cents">99</span>
                <span class="eur">€</span>
                <span class="unit-price">1149.50 €/kg</span>            </div>
            
    <span class="vline"></span>
</div>                    		
        
        
        <div class="tags tags_primary bottom_icons">
                                                            
                                <div data-alt="Atlaide ar PALDIES karti" class="tag tag-soap-2 " style="background-image: url('/uploads/sale/atlaide-ar-paldies-karti-7358.png');                     ">
                </div>
                                                                            
                                <div data-alt="Prece pieejama MAXIMA XXX veikalos" class="tag tag-soap-4 tag-shops" style="background-image: url('/uploads/sale/piedavajums-speka-maxima-xxx-veikalos-3117.png');                     ">
                </div>
                                                                            
                                <div data-alt="CENU LĪDERI" class="tag tag-soap-29 " style="background-image: url('/uploads/sale/cenu-lideri-6010.png');                     ">
                </div>
                            
                    </div>
        <div class="tags tags_primary info_icon">
            
    <div data-alt="Preču piedāvājums atšķirīgs Maxima veikalos, ar aktuālo akcijas preču piedāvājumu aicinām iepazīties uz vietas veikalā!" class="tag i"></div>

        </div>

        <div class="info-notice">
            


                                                                                                        </div>

        <div class="img">
          <img alt="Lūpu maska ​​LANEIGE Apple Lime 20g" src="/uploads/sale/2025/sales_page/10/31//lupu-maska-laneige-apple-lime-20g-00833-1031094027.png?1761896427">
        </div>
        <div class="text paldies-card      ">
            <div class="title">Lūpu maska ​​LANEIGE Apple Lime 20g</div>
            <div class="pack">
                <span class="ptitle"></span>
                <span class="price"> 1149.50 €/kg</span>
            </div>
                    </div>
        <div class="infopop">
            <div class="in"><span></span>
                <div class="arrow_top"></div>
                <div class="arrow_bottom"></div>
            </div>
        </div>
    </div>
</div><div class="col-third offer-item">
    <div class="item bl_shadow product-237304 paldies-card  offer-2-l-sp-sku units-price        " data-product-id="237304" data-timeout="63" data-dates-interval="11.09.2025. - 15.04.2026." tabindex="0" role="button">
                                                    <div class="discount price with-unit-price ">
                                                                            <div class="paldies-card-icon with-unit-price">
                        <img src="/images/front/icons/paldies2-icon.png" alt="Paldies">
                    </div>
                                                                                                
                    <div class="t1 with-unit-price paldies-card">
            <span class="value">14</span>
            <span class="cents">99</span>
            <span class="eur">€</span>
            <span class="unit-price">749.50 €/kg</span>
        </div>
                    <div class="t2">
                <span class="value">22,99</span>
                <span class="eur">€</span>
            </div>
            <div class="t3 with-unit-price">
                <span class="value">22</span>
                <span class="cents">99</span>
                <span class="eur">€</span>
                <span class="unit-price">1149.50 €/kg</span>            </div>
            
    <span class="vline"></span>
</div>                    		
        
        
        <div class="tags tags_primary bottom_icons">
                                                            
                                <div data-alt="Atlaide ar PALDIES karti" class="tag tag-soap-2 " style="background-image: url('/uploads/sale/atlaide-ar-paldies-karti-7358.png');                     ">
                </div>
                                                                            
                                <div data-alt="Prece pieejama MAXIMA XXX veikalos" class="tag tag-soap-4 tag-shops" style="background-image: url('/uploads/sale/piedavajums-speka-maxima-xxx-veikalos-3117.png');                     ">
                </div>
                                                                            
                                <div data-alt="CENU LĪDERI" class="tag tag-soap-29 " style="background-image: url('/uploads/sale/cenu-lideri-6010.png');                     ">
                </div>
                            
                    </div>
        <div class="tags tags_primary info_icon">
            
    <div data-alt="Preču piedāvājums atšķirīgs Maxima veikalos, ar aktuālo akcijas preču piedāvājumu aicinām iepazīties uz vietas veikalā!" class="tag i"></div>

        </div>

        <div class="info-notice">
            


                                                                                                        </div>

        <div class="img">
          <img alt="Lūpu maska ​​LANEIGE Grapefruit 20g" src="/uploads/sale/2025/sales_page/10/29//lupu-maska-laneige-grapefruit-20g-00834-1029180550.png?1761753950">
        </div>
        <div class="text paldies-card      ">
            <div class="title">Lūpu maska ​​LANEIGE Grapefruit 20g</div>
            <div class="pack">
                <span class="ptitle"></span>
                <span class="price"> 1149.50 €/kg</span>
            </div>
                    </div>
        <div class="infopop">
            <div class="in"><span></span>
                <div class="arrow_top"></div>
                <div class="arrow_bottom"></div>
            </div>
        </div>
    </div>
</div><div class="col-third offer-item">
    <div class="item bl_shadow product-237631 paldies-card  offer-2-l-sp-sku units-price        " data-product-id="237631" data-timeout="77" data-dates-interval="30.10.2025. - 29.04.2026." tabindex="0" role="button">
                                                    <div class="discount price with-unit-price ">
                                                                            <div class="paldies-card-icon with-unit-price">
                        <img src="/images/front/icons/paldies2-icon.png" alt="Paldies">
                    </div>
                                                                                                                                                                
                    <div class="t1 with-unit-price paldies-card">
            <span class="value">5</span>
            <span class="cents">99</span>
            <span class="eur">€</span>
            <span class="unit-price">119.80 €/l</span>
        </div>
                    <div class="t2">
                <span class="value">10,99</span>
                <span class="eur">€</span>
            </div>
            <div class="t3 with-unit-price">
                <span class="value">10</span>
                <span class="cents">99</span>
                <span class="eur">€</span>
                <span class="unit-price">219.80 €/l</span>            </div>
            
    <span class="vline"></span>
</div>                    		
        
        
        <div class="tags tags_primary bottom_icons">
                                                            
                                <div data-alt="Atlaide ar PALDIES karti" class="tag tag-soap-2 " style="background-image: url('/uploads/sale/atlaide-ar-paldies-karti-7358.png');                     ">
                </div>
                                                                            
                                <div data-alt="Prece pieejama MAXIMA XX veikalos" class="tag tag-soap-3 tag-shops" style="background-image: url('/uploads/sale/piedavajums-speka-maxima-xx-veikalos-6057.png');                     ">
                </div>
                                                                            
                                <div data-alt="Prece pieejama MAXIMA XXX veikalos" class="tag tag-soap-4 tag-shops" style="background-image: url('/uploads/sale/piedavajums-speka-maxima-xxx-veikalos-3117.png');                     ">
                </div>
                                                                            
                                <div data-alt="Latvijas produkts" class="tag tag-soap-6 " style="background-image: url('/uploads/sale/latvijas-produkts-3559.png');                     ">
                </div>
                                                                            
                                <div data-alt="CENU LĪDERI" class="tag tag-soap-29 " style="background-image: url('/uploads/sale/cenu-lideri-6010.png');                     ">
                </div>
                            
                    </div>
        <div class="tags tags_primary info_icon">
            
    <div data-alt="Preču piedāvājums atšķirīgs Maxima veikalos, ar aktuālo akcijas preču piedāvājumu aicinām iepazīties uz vietas veikalā!" class="tag i"></div>

        </div>

        <div class="info-notice">
            


                                                                                                                                                                </div>

        <div class="img">
          <img alt="Sejas krēms BIO2YOU smiltsērkšķu 50ml" src="/uploads/sale/2025/sales_page/10/31//sejas-krems-bio2you-smiltserksku-50ml-00835-1031094032.png?1761896432">
        </div>
        <div class="text paldies-card      ">
            <div class="title">Sejas krēms BIO2YOU smiltsērkšķu 50ml</div>
            <div class="pack">
                <span class="ptitle"></span>
                <span class="price"> 219.80 €/l</span>
            </div>
                    </div>
        <div class="infopop">
            <div class="in"><span></span>
                <div class="arrow_top"></div>
                <div class="arrow_bottom"></div>
            </div>
        </div>
    </div>
</div><div class="col-third offer-item">
    <div class="item bl_shadow product-237632 paldies-card  offer-2-l-sp-sku units-price        " data-product-id="237632" data-timeout="77" data-dates-interval="30.10.2025. - 29.04.2026." tabindex="0" role="button">
                                                    <div class="discount price with-unit-price ">
                                                                            <div class="paldies-card-icon with-unit-price">
                        <img src="/images/front/icons/paldies2-icon.png" alt="Paldies">
                    </div>
                                                                                                                                                                
                    <div class="t1 with-unit-price paldies-card">
            <span class="value">5</span>
            <span class="cents">99</span>
            <span class="eur">€</span>
            <span class="unit-price">119.80 €/l</span>
        </div>
                    <div class="t2">
                <span class="value">10,99</span>
                <span class="eur">€</span>
            </div>
            <div class="t3 with-unit-price">
                <span class="value">10</span>
                <span class="cents">99</span>
                <span class="eur">€</span>
                <span class="unit-price">219.80 €/l</span>            </div>
            
    <span class="vline"></span>
</div>                    		
        
        
        <div class="tags tags_primary bottom_icons">
                                                            
                                <div data-alt="Atlaide ar PALDIES karti" class="tag tag-soap-2 " style="background-image: url('/uploads/sale/atlaide-ar-paldies-karti-7358.png');                     ">
                </div>
                                                                            
                                <div data-alt="Prece pieejama MAXIMA XX veikalos" class="tag tag-soap-3 tag-shops" style="background-image: url('/uploads/sale/piedavajums-speka-maxima-xx-veikalos-6057.png');                     ">
                </div>
                                                                            
                                <div data-alt="Prece pieejama MAXIMA XXX veikalos" class="tag tag-soap-4 tag-shops" style="background-image: url('/uploads/sale/piedavajums-speka-maxima-xxx-veikalos-3117.png');                     ">
                </div>
                                                                            
                                <div data-alt="Latvijas produkts" class="tag tag-soap-6 " style="background-image: url('/uploads/sale/latvijas-produkts-3559.png');                     ">
                </div>
                                                                            
                                <div data-alt="CENU LĪDERI" class="tag tag-soap-29 " style="background-image: url('/uploads/sale/cenu-lideri-6010.png');                     ">
                </div>
                            
                    </div>
        <div class="tags tags_primary info_icon">
            
    <div data-alt="Preču piedāvājums atšķirīgs Maxima veikalos, ar aktuālo akcijas preču piedāvājumu aicinām iepazīties uz vietas veikalā!" class="tag i"></div>

        </div>

        <div class="info-notice">
            


                                                                                                                                                                </div>

        <div class="img">
          <img alt="Sej.serums BIO2YOU ar hialuronskābi 50ml" src="/uploads/sale/2025/sales_page/10/31//sej-serums-bio2you-ar-hialuronskabi-50ml-00836-1031094032.png?1761896432">
        </div>
        <div class="text paldies-card      ">
            <div class="title">Sej.serums BIO2YOU ar hialuronskābi 50ml</div>
            <div class="pack">
                <span class="ptitle"></span>
                <span class="price"> 219.80 €/l</span>
            </div>
                    </div>
        <div class="infopop">
            <div class="in"><span></span>
                <div class="arrow_top"></div>
                <div class="arrow_bottom"></div>
            </div>
        </div>
    </div>
</div><div class="col-third offer-item">
    <div class="item bl_shadow product-237305 paldies-card  offer-2-l-sp-sku units-price        " data-product-id="237305" data-timeout="77" data-dates-interval="27.03.2025. - 29.04.2026." tabindex="0" role="button">
                                                    <div class="discount price with-unit-price ">
                                                                            <div class="paldies-card-icon with-unit-price">
                        <img src="/images/front/icons/paldies2-icon.png" alt="Paldies">
                    </div>
                                                                
                    <div class="t1 with-unit-price paldies-card">
            <span class="value">2</span>
            <span class="cents">59</span>
            <span class="eur">€</span>
            <span class="unit-price">51.80 €/l</span>
        </div>
                    <div class="t2">
                <span class="value">4,79</span>
                <span class="eur">€</span>
            </div>
            <div class="t3 with-unit-price">
                <span class="value">4</span>
                <span class="cents">79</span>
                <span class="eur">€</span>
                <span class="unit-price">95.80 €/l</span>            </div>
            
    <span class="vline"></span>
</div>                    		
        
        
        <div class="tags tags_primary bottom_icons">
                                                            
                                <div data-alt="Atlaide ar PALDIES karti" class="tag tag-soap-2 " style="background-image: url('/uploads/sale/atlaide-ar-paldies-karti-7358.png');                     ">
                </div>
                                                                            
                                <div data-alt="CENU LĪDERI" class="tag tag-soap-29 " style="background-image: url('/uploads/sale/cenu-lideri-6010.png');                     ">
                </div>
                            
                    </div>
        <div class="tags tags_primary info_icon">
            
    <div data-alt="Preču piedāvājums atšķirīgs Maxima veikalos, ar aktuālo akcijas preču piedāvājumu aicinām iepazīties uz vietas veikalā!" class="tag i"></div>

        </div>

        <div class="info-notice">
            


                                                                            </div>

        <div class="img">
          <img alt="Dezodor.REXONA Aloe Vera zīm.siev.50ml" src="/uploads/sale/2025/sales_page/10/29//dezodor-rexona-aloe-vera-zim-siev-50ml-00838-0210092517.png?1770708317">
        </div>
        <div class="text paldies-card      ">
            <div class="title">Dezodor.REXONA Aloe Vera zīm.siev.50ml</div>
            <div class="pack">
                <span class="ptitle"></span>
                <span class="price"> 95.80 €/l</span>
            </div>
                    </div>
        <div class="infopop">
            <div class="in"><span></span>
                <div class="arrow_top"></div>
                <div class="arrow_bottom"></div>
            </div>
        </div>
    </div>
</div><div class="col-third offer-item">
    <div class="item bl_shadow product-237634 paldies-card  offer-2-l-sp-sku units-price        " data-product-id="237634" data-timeout="77" data-dates-interval="30.10.2025. - 29.04.2026." tabindex="0" role="button">
                                                    <div class="discount price with-unit-price ">
                                                                            <div class="paldies-card-icon with-unit-price">
                        <img src="/images/front/icons/paldies2-icon.png" alt="Paldies">
                    </div>
                                                                
                    <div class="t1 with-unit-price paldies-card">
            <span class="value">9</span>
            <span class="cents">99</span>
            <span class="eur">€</span>
            <span class="unit-price">0.33 €/gab</span>
        </div>
                    <div class="t2">
                <span class="value">14,99</span>
                <span class="eur">€</span>
            </div>
            <div class="t3 with-unit-price">
                <span class="value">14</span>
                <span class="cents">99</span>
                <span class="eur">€</span>
                <span class="unit-price">0.50 €/gab</span>            </div>
            
    <span class="vline"></span>
</div>                    		
        
        
        <div class="tags tags_primary bottom_icons">
                                                            
                                <div data-alt="Atlaide ar PALDIES karti" class="tag tag-soap-2 " style="background-image: url('/uploads/sale/atlaide-ar-paldies-karti-7358.png');                     ">
                </div>
                                                                            
                                <div data-alt="CENU LĪDERI" class="tag tag-soap-29 " style="background-image: url('/uploads/sale/cenu-lideri-6010.png');                     ">
                </div>
                            
                    </div>
        <div class="tags tags_primary info_icon">
            
    <div data-alt="Preču piedāvājums atšķirīgs Maxima veikalos, ar aktuālo akcijas preču piedāvājumu aicinām iepazīties uz vietas veikalā!" class="tag i"></div>

        </div>

        <div class="info-notice">
            


                                                                            </div>

        <div class="img">
          <img alt="Tr.mazg.maš.kaps.SOMAT Excell.4in1 30gab" src="/uploads/sale/2025/sales_page/10/31//tr-mazg-mas-kaps-somat-excell-4in1-30gab-00840-1031094032.png?1761896432">
        </div>
        <div class="text paldies-card      ">
            <div class="title">Tr.mazg.maš.kaps.SOMAT Excell.4in1 30gab</div>
            <div class="pack">
                <span class="ptitle"></span>
                <span class="price"> 0.50 €/gab</span>
            </div>
                    </div>
        <div class="infopop">
            <div class="in"><span></span>
                <div class="arrow_top"></div>
                <div class="arrow_bottom"></div>
            </div>
        </div>
    </div>
</div><div class="col-third offer-item">
    <div class="item bl_shadow product-237246 paldies-card  offer-2-l-sp-sku units-price        " data-product-id="237246" data-timeout="77" data-dates-interval="30.01.2025. - 29.04.2026." tabindex="0" role="button">
                                                    <div class="discount price with-unit-price ">
                                                                            <div class="paldies-card-icon with-unit-price">
                        <img src="/images/front/icons/paldies2-icon.png" alt="Paldies">
                    </div>
                                                                                                                                                                
                    <div class="t1 with-unit-price paldies-card">
            <span class="value">9</span>
            <span class="cents">99</span>
            <span class="eur">€</span>
            <span class="unit-price">3.70 €/l</span>
        </div>
                    <div class="t2">
                <span class="value">14,99</span>
                <span class="eur">€</span>
            </div>
            <div class="t3 with-unit-price">
                <span class="value">14</span>
                <span class="cents">99</span>
                <span class="eur">€</span>
                <span class="unit-price">5.55 €/l</span>            </div>
            
    <span class="vline"></span>
</div>                    		
        
        
        <div class="tags tags_primary bottom_icons">
                                                            
                                <div data-alt="Atlaide ar PALDIES karti" class="tag tag-soap-2 " style="background-image: url('/uploads/sale/atlaide-ar-paldies-karti-7358.png');                     ">
                </div>
                                                                            
                                <div data-alt="Prece pieejama MAXIMA XX veikalos" class="tag tag-soap-3 tag-shops" style="background-image: url('/uploads/sale/piedavajums-speka-maxima-xx-veikalos-6057.png');                     ">
                </div>
                                                                            
                                <div data-alt="Prece pieejama MAXIMA XXX veikalos" class="tag tag-soap-4 tag-shops" style="background-image: url('/uploads/sale/piedavajums-speka-maxima-xxx-veikalos-3117.png');                     ">
                </div>
                                                                            
                                <div data-alt="Latvijas produkts" class="tag tag-soap-6 " style="background-image: url('/uploads/sale/latvijas-produkts-3559.png');                     ">
                </div>
                                                                            
                                <div data-alt="CENU LĪDERI" class="tag tag-soap-29 " style="background-image: url('/uploads/sale/cenu-lideri-6010.png');                     ">
                </div>
                            
                    </div>
        <div class="tags tags_primary info_icon">
            
    <div data-alt="Preču piedāvājums atšķirīgs Maxima veikalos, ar aktuālo akcijas preču piedāvājumu aicinām iepazīties uz vietas veikalā!" class="tag i"></div>

        </div>

        <div class="info-notice">
            


                                                                                                                                                                </div>

        <div class="img">
          <img alt="Veļ.mazg.līdz.KASTANIS Effect 67m.r.2,7L" src="/uploads/sale/2025/sales_page/10/29//vel-mazg-lidz-kastanis-effect-67m-r-2-7l-00820-0113102017.png?1768292417">
        </div>
        <div class="text paldies-card      ">
            <div class="title">Veļ.mazg.līdz.KASTANIS Effect 67m.r.2,7L</div>
            <div class="pack">
                <span class="ptitle"></span>
                <span class="price"> 5.55 €/l</span>
            </div>
                    </div>
        <div class="infopop">
            <div class="in"><span></span>
                <div class="arrow_top"></div>
                <div class="arrow_bottom"></div>
            </div>
        </div>
    </div>
</div><div class="col-third offer-item">
    <div class="item bl_shadow product-237247 paldies-card  offer-2-l-sp-sku units-price        " data-product-id="237247" data-timeout="77" data-dates-interval="30.01.2025. - 29.04.2026." tabindex="0" role="button">
                                                    <div class="discount price with-unit-price ">
                                                                            <div class="paldies-card-icon with-unit-price">
                        <img src="/images/front/icons/paldies2-icon.png" alt="Paldies">
                    </div>
                                                                                                
                    <div class="t1 with-unit-price paldies-card">
            <span class="value">9</span>
            <span class="cents">99</span>
            <span class="eur">€</span>
            <span class="unit-price">3.70 €/l</span>
        </div>
                    <div class="t2">
                <span class="value">14,99</span>
                <span class="eur">€</span>
            </div>
            <div class="t3 with-unit-price">
                <span class="value">14</span>
                <span class="cents">99</span>
                <span class="eur">€</span>
                <span class="unit-price">5.55 €/l</span>            </div>
            
    <span class="vline"></span>
</div>                    		
        
        
        <div class="tags tags_primary bottom_icons">
                                                            
                                <div data-alt="Atlaide ar PALDIES karti" class="tag tag-soap-2 " style="background-image: url('/uploads/sale/atlaide-ar-paldies-karti-7358.png');                     ">
                </div>
                                                                            
                                <div data-alt="Latvijas produkts" class="tag tag-soap-6 " style="background-image: url('/uploads/sale/latvijas-produkts-3559.png');                     ">
                </div>
                                                                            
                                <div data-alt="CENU LĪDERI" class="tag tag-soap-29 " style="background-image: url('/uploads/sale/cenu-lideri-6010.png');                     ">
                </div>
                            
                    </div>
        <div class="tags tags_primary info_icon">
            
    <div data-alt="Preču piedāvājums atšķirīgs Maxima veikalos, ar aktuālo akcijas preču piedāvājumu aicinām iepazīties uz vietas veikalā!" class="tag i"></div>

        </div>

        <div class="info-notice">
            


                                                                                                        </div>

        <div class="img">
          <img alt="Veļ.mazg.līdz.KASTANIS Color 67m.r.2,7L" src="/uploads/sale/2025/sales_page/10/29//vel-mazg-lidz-kastanis-color-67m-r-2-7l-00821-0113102017.png?1768292417">
        </div>
        <div class="text paldies-card      ">
            <div class="title">Veļ.mazg.līdz.KASTANIS Color 67m.r.2,7L</div>
            <div class="pack">
                <span class="ptitle"></span>
                <span class="price"> 5.55 €/l</span>
            </div>
                    </div>
        <div class="infopop">
            <div class="in"><span></span>
                <div class="arrow_top"></div>
                <div class="arrow_bottom"></div>
            </div>
        </div>
    </div>
</div><div class="col-third offer-item">
    <div class="item bl_shadow product-237607 paldies-card  offer-2-l-sp-sku units-price        " data-product-id="237607" data-timeout="77" data-dates-interval="30.10.2025. - 29.04.2026." tabindex="0" role="button">
                                                    <div class="discount price with-unit-price ">
                                                                            <div class="paldies-card-icon with-unit-price">
                        <img src="/images/front/icons/paldies2-icon.png" alt="Paldies">
                    </div>
                                                                
                    <div class="t1 with-unit-price paldies-card">
            <span class="value">8</span>
            <span class="cents">99</span>
            <span class="eur">€</span>
            <span class="unit-price">0.90 €/gab</span>
        </div>
                    <div class="t2">
                <span class="value">12,99</span>
                <span class="eur">€</span>
            </div>
            <div class="t3 with-unit-price">
                <span class="value">12</span>
                <span class="cents">99</span>
                <span class="eur">€</span>
                <span class="unit-price">1.30 €/gab</span>            </div>
            
    <span class="vline"></span>
</div>                    		
        
        
        <div class="tags tags_primary bottom_icons">
                                                            
                                <div data-alt="Atlaide ar PALDIES karti" class="tag tag-soap-2 " style="background-image: url('/uploads/sale/atlaide-ar-paldies-karti-7358.png');                     ">
                </div>
                                                                            
                                <div data-alt="CENU LĪDERI" class="tag tag-soap-29 " style="background-image: url('/uploads/sale/cenu-lideri-6010.png');                     ">
                </div>
                            
                    </div>
        <div class="tags tags_primary info_icon">
            
    <div data-alt="Preču piedāvājums atšķirīgs Maxima veikalos, ar aktuālo akcijas preču piedāvājumu aicinām iepazīties uz vietas veikalā!" class="tag i"></div>

        </div>

        <div class="info-notice">
            


                                                                            </div>

        <div class="img">
          <img alt="Prezervatīvi DUREX Pleasuremax 10gab." src="/uploads/sale/2025/sales_page/10/31//prezervativi-durex-pleasuremax-10gab-00822-1031094026.png?1761896426">
        </div>
        <div class="text paldies-card      ">
            <div class="title">Prezervatīvi DUREX Pleasuremax 10gab.</div>
            <div class="pack">
                <span class="ptitle"></span>
                <span class="price"> 1.30 €/gab</span>
            </div>
                    </div>
        <div class="infopop">
            <div class="in"><span></span>
                <div class="arrow_top"></div>
                <div class="arrow_bottom"></div>
            </div>
        </div>
    </div>
</div><div class="col-third offer-item">
    <div class="item bl_shadow product-237608 paldies-card  offer-2-l-sp-sku units-price        " data-product-id="237608" data-timeout="77" data-dates-interval="30.10.2025. - 29.04.2026." tabindex="0" role="button">
                                                    <div class="discount price with-unit-price ">
                                                                            <div class="paldies-card-icon with-unit-price">
                        <img src="/images/front/icons/paldies2-icon.png" alt="Paldies">
                    </div>
                                                                
                    <div class="t1 with-unit-price paldies-card">
            <span class="value">4</span>
            <span class="cents">69</span>
            <span class="eur">€</span>
            <span class="unit-price">11.72 €/l</span>
        </div>
                    <div class="t2">
                <span class="value">7,89</span>
                <span class="eur">€</span>
            </div>
            <div class="t3 with-unit-price">
                <span class="value">7</span>
                <span class="cents">89</span>
                <span class="eur">€</span>
                <span class="unit-price">19.73 €/l</span>            </div>
            
    <span class="vline"></span>
</div>                    		
        
        
        <div class="tags tags_primary bottom_icons">
                                                            
                                <div data-alt="Atlaide ar PALDIES karti" class="tag tag-soap-2 " style="background-image: url('/uploads/sale/atlaide-ar-paldies-karti-7358.png');                     ">
                </div>
                                                                            
                                <div data-alt="CENU LĪDERI" class="tag tag-soap-29 " style="background-image: url('/uploads/sale/cenu-lideri-6010.png');                     ">
                </div>
                            
                    </div>
        <div class="tags tags_primary info_icon">
            
    <div data-alt="Preču piedāvājums atšķirīgs Maxima veikalos, ar aktuālo akcijas preču piedāvājumu aicinām iepazīties uz vietas veikalā!" class="tag i"></div>

        </div>

        <div class="info-notice">
            


                                                                            </div>

        <div class="img">
          <img alt="Šampūns L'OREAL ELSEVE Dream Long 400ml" src="/uploads/sale/2025/sales_page/10/31//sampuns-l-oreal-elseve-dream-long-400ml-00824-1031094026.png?1761896426">
        </div>
        <div class="text paldies-card      ">
            <div class="title">Šampūns L'OREAL ELSEVE Dream Long 400ml</div>
            <div class="pack">
                <span class="ptitle"></span>
                <span class="price"> 19.73 €/l</span>
            </div>
                    </div>
        <div class="infopop">
            <div class="in"><span></span>
                <div class="arrow_top"></div>
                <div class="arrow_bottom"></div>
            </div>
        </div>
    </div>
</div><div class="col-third offer-item">
    <div class="item bl_shadow product-237280 paldies-card  offer-2-l-sp-sku units-price        " data-product-id="237280" data-timeout="77" data-dates-interval="29.04.2025. - 29.04.2026." tabindex="0" role="button">
                                                    <div class="discount price with-unit-price ">
                                                                            <div class="paldies-card-icon with-unit-price">
                        <img src="/images/front/icons/paldies2-icon.png" alt="Paldies">
                    </div>
                                                                
                    <div class="t1 with-unit-price paldies-card">
            <span class="value">1</span>
            <span class="cents">39</span>
            <span class="eur">€</span>
            <span class="unit-price">2.78 €/l</span>
        </div>
                    <div class="t2">
                <span class="value">1,89</span>
                <span class="eur">€</span>
            </div>
            <div class="t3 with-unit-price">
                <span class="value">1</span>
                <span class="cents">89</span>
                <span class="eur">€</span>
                <span class="unit-price">3.78 €/l</span>            </div>
            
    <span class="vline"></span>
</div>                    		
        
        
        <div class="tags tags_primary bottom_icons">
                                                            
                                <div data-alt="Atlaide ar PALDIES karti" class="tag tag-soap-2 " style="background-image: url('/uploads/sale/atlaide-ar-paldies-karti-7358.png');                     ">
                </div>
                                                                            
                                <div data-alt="CENU LĪDERI" class="tag tag-soap-29 " style="background-image: url('/uploads/sale/cenu-lideri-6010.png');                     ">
                </div>
                            
                    </div>
        <div class="tags tags_primary info_icon">
            
    <div data-alt="Preču piedāvājums atšķirīgs Maxima veikalos, ar aktuālo akcijas preču piedāvājumu aicinām iepazīties uz vietas veikalā!" class="tag i"></div>

        </div>

        <div class="info-notice">
            


                                                                            </div>

        <div class="img">
          <img alt="Tr.mazg.līdz.hipo.MAYERI Aloe Vera 500ml" src="/uploads/sale/2025/sales_page/10/29//tr-mazg-lidz-hipo-mayeri-aloe-vera-500ml-00827-1029180552.png?1761753952">
        </div>
        <div class="text paldies-card      ">
            <div class="title">Tr.mazg.līdz.hipo.MAYERI Aloe Vera 500ml</div>
            <div class="pack">
                <span class="ptitle"></span>
                <span class="price"> 3.78 €/l</span>
            </div>
                    </div>
        <div class="infopop">
            <div class="in"><span></span>
                <div class="arrow_top"></div>
                <div class="arrow_bottom"></div>
            </div>
        </div>
    </div>
</div><div class="col-third offer-item">
    <div class="item bl_shadow product-237610 paldies-card  offer-2-l-sp-sku units-price        " data-product-id="237610" data-timeout="77" data-dates-interval="30.10.2025. - 29.04.2026." tabindex="0" role="button">
                                                    <div class="discount price with-unit-price ">
                                                                            <div class="paldies-card-icon with-unit-price">
                        <img src="/images/front/icons/paldies2-icon.png" alt="Paldies">
                    </div>
                                                                
                    <div class="t1 with-unit-price paldies-card">
            <span class="value">4</span>
            <span class="cents">69</span>
            <span class="eur">€</span>
            <span class="unit-price">11.72 €/l</span>
        </div>
                    <div class="t2">
                <span class="value">7,89</span>
                <span class="eur">€</span>
            </div>
            <div class="t3 with-unit-price">
                <span class="value">7</span>
                <span class="cents">89</span>
                <span class="eur">€</span>
                <span class="unit-price">19.73 €/l</span>            </div>
            
    <span class="vline"></span>
</div>                    		
        
        
        <div class="tags tags_primary bottom_icons">
                                                            
                                <div data-alt="Atlaide ar PALDIES karti" class="tag tag-soap-2 " style="background-image: url('/uploads/sale/atlaide-ar-paldies-karti-7358.png');                     ">
                </div>
                                                                            
                                <div data-alt="CENU LĪDERI" class="tag tag-soap-29 " style="background-image: url('/uploads/sale/cenu-lideri-6010.png');                     ">
                </div>
                            
                    </div>
        <div class="tags tags_primary info_icon">
            
    <div data-alt="Preču piedāvājums atšķirīgs Maxima veikalos, ar aktuālo akcijas preču piedāvājumu aicinām iepazīties uz vietas veikalā!" class="tag i"></div>

        </div>

        <div class="info-notice">
            


                                                                            </div>

        <div class="img">
          <img alt="Kondic.L'OREAL ELSEVE Dream Long 400ml" src="/uploads/sale/2025/sales_page/10/31//kondic-l-oreal-elseve-dream-long-400ml-00828-1031094026.png?1761896426">
        </div>
        <div class="text paldies-card      ">
            <div class="title">Kondic.L'OREAL ELSEVE Dream Long 400ml</div>
            <div class="pack">
                <span class="ptitle"></span>
                <span class="price"> 19.73 €/l</span>
            </div>
                    </div>
        <div class="infopop">
            <div class="in"><span></span>
                <div class="arrow_top"></div>
                <div class="arrow_bottom"></div>
            </div>
        </div>
    </div>
</div><div class="col-third offer-item">
    <div class="item bl_shadow product-237281 paldies-card  offer-2-l-sp-sku units-price        " data-product-id="237281" data-timeout="77" data-dates-interval="29.04.2025. - 29.04.2026." tabindex="0" role="button">
                                                    <div class="discount price with-unit-price ">
                                                                            <div class="paldies-card-icon with-unit-price">
                        <img src="/images/front/icons/paldies2-icon.png" alt="Paldies">
                    </div>
                                                                
                    <div class="t1 with-unit-price paldies-card">
            <span class="value">21</span>
            <span class="cents">99</span>
            <span class="eur">€</span>
            <span class="unit-price">0.32 €/gab</span>
        </div>
                    <div class="t2">
                <span class="value">39,99</span>
                <span class="eur">€</span>
            </div>
            <div class="t3 with-unit-price">
                <span class="value">39</span>
                <span class="cents">99</span>
                <span class="eur">€</span>
                <span class="unit-price">0.59 €/gab</span>            </div>
            
    <span class="vline"></span>
</div>                    		
        
        
        <div class="tags tags_primary bottom_icons">
                                                            
                                <div data-alt="Atlaide ar PALDIES karti" class="tag tag-soap-2 " style="background-image: url('/uploads/sale/atlaide-ar-paldies-karti-7358.png');                     ">
                </div>
                                                                            
                                <div data-alt="CENU LĪDERI" class="tag tag-soap-29 " style="background-image: url('/uploads/sale/cenu-lideri-6010.png');                     ">
                </div>
                            
                    </div>
        <div class="tags tags_primary info_icon">
            
    <div data-alt="Preču piedāvājums atšķirīgs Maxima veikalos, ar aktuālo akcijas preču piedāvājumu aicinām iepazīties uz vietas veikalā!" class="tag i"></div>

        </div>

        <div class="info-notice">
            


                                                                            </div>

        <div class="img">
          <img alt="Veļas mazg.kapsulas PERSIL Color 68m.r." src="/uploads/sale/2025/sales_page/10/29//velas-mazg-kapsulas-persil-color-68m-r-00829-0210094017.png?1770709217">
        </div>
        <div class="text paldies-card      ">
            <div class="title">Veļas mazg.kapsulas PERSIL Color 68m.r.</div>
            <div class="pack">
                <span class="ptitle"></span>
                <span class="price"> 0.59 €/gab</span>
            </div>
                    </div>
        <div class="infopop">
            <div class="in"><span></span>
                <div class="arrow_top"></div>
                <div class="arrow_bottom"></div>
            </div>
        </div>
    </div>
</div><div class="col-third offer-item">
    <div class="item bl_shadow product-237302 paldies-card  offer-2-l-sp-sku units-price        " data-product-id="237302" data-timeout="77" data-dates-interval="29.04.2025. - 29.04.2026." tabindex="0" role="button">
                                                    <div class="discount price with-unit-price ">
                                                                            <div class="paldies-card-icon with-unit-price">
                        <img src="/images/front/icons/paldies2-icon.png" alt="Paldies">
                    </div>
                                                                                                                                
                    <div class="t1 with-unit-price paldies-card">
            <span class="value">21</span>
            <span class="cents">99</span>
            <span class="eur">€</span>
            <span class="unit-price">0.32 €/gab</span>
        </div>
                    <div class="t2">
                <span class="value">39,99</span>
                <span class="eur">€</span>
            </div>
            <div class="t3 with-unit-price">
                <span class="value">39</span>
                <span class="cents">99</span>
                <span class="eur">€</span>
                <span class="unit-price">0.59 €/gab</span>            </div>
            
    <span class="vline"></span>
</div>                    		
        
        
        <div class="tags tags_primary bottom_icons">
                                                            
                                <div data-alt="Atlaide ar PALDIES karti" class="tag tag-soap-2 " style="background-image: url('/uploads/sale/atlaide-ar-paldies-karti-7358.png');                     ">
                </div>
                                                                            
                                <div data-alt="Prece pieejama MAXIMA XX veikalos" class="tag tag-soap-3 tag-shops" style="background-image: url('/uploads/sale/piedavajums-speka-maxima-xx-veikalos-6057.png');                     ">
                </div>
                                                                            
                                <div data-alt="Prece pieejama MAXIMA XXX veikalos" class="tag tag-soap-4 tag-shops" style="background-image: url('/uploads/sale/piedavajums-speka-maxima-xxx-veikalos-3117.png');                     ">
                </div>
                                                                            
                                <div data-alt="CENU LĪDERI" class="tag tag-soap-29 " style="background-image: url('/uploads/sale/cenu-lideri-6010.png');                     ">
                </div>
                            
                    </div>
        <div class="tags tags_primary info_icon">
            
    <div data-alt="Preču piedāvājums atšķirīgs Maxima veikalos, ar aktuālo akcijas preču piedāvājumu aicinām iepazīties uz vietas veikalā!" class="tag i"></div>

        </div>

        <div class="info-notice">
            


                                                                                                                                    </div>

        <div class="img">
          <img alt="Veļas mazg.kapsulas PERSIL Univer.68m.r." src="/uploads/sale/2025/sales_page/10/29//velas-mazg-kapsulas-persil-univer-68m-r-00830-0210094017.png?1770709217">
        </div>
        <div class="text paldies-card      ">
            <div class="title">Veļas mazg.kapsulas PERSIL Univer.68m.r.</div>
            <div class="pack">
                <span class="ptitle"></span>
                <span class="price"> 0.59 €/gab</span>
            </div>
                    </div>
        <div class="infopop">
            <div class="in"><span></span>
                <div class="arrow_top"></div>
                <div class="arrow_bottom"></div>
            </div>
        </div>
    </div>
</div><div class="col-third offer-item">
    <div class="item bl_shadow product-237611 paldies-card  offer-2-l-sp-sku units-price        " data-product-id="237611" data-timeout="77" data-dates-interval="30.10.2025. - 29.04.2026." tabindex="0" role="button">
                                                    <div class="discount price with-unit-price ">
                                                                            <div class="paldies-card-icon with-unit-price">
                        <img src="/images/front/icons/paldies2-icon.png" alt="Paldies">
                    </div>
                                                                                                                                
                    <div class="t1 with-unit-price paldies-card">
            <span class="value">2</span>
            <span class="cents">99</span>
            <span class="eur">€</span>
            <span class="unit-price">7.47 €/l</span>
        </div>
                    <div class="t2">
                <span class="value">4,99</span>
                <span class="eur">€</span>
            </div>
            <div class="t3 with-unit-price">
                <span class="value">4</span>
                <span class="cents">99</span>
                <span class="eur">€</span>
                <span class="unit-price">12.47 €/l</span>            </div>
            
    <span class="vline"></span>
</div>                    		
        
        
        <div class="tags tags_primary bottom_icons">
                                                            
                                <div data-alt="Atlaide ar PALDIES karti" class="tag tag-soap-2 " style="background-image: url('/uploads/sale/atlaide-ar-paldies-karti-7358.png');                     ">
                </div>
                                                                            
                                <div data-alt="Prece pieejama MAXIMA XX veikalos" class="tag tag-soap-3 tag-shops" style="background-image: url('/uploads/sale/piedavajums-speka-maxima-xx-veikalos-6057.png');                     ">
                </div>
                                                                            
                                <div data-alt="Prece pieejama MAXIMA XXX veikalos" class="tag tag-soap-4 tag-shops" style="background-image: url('/uploads/sale/piedavajums-speka-maxima-xxx-veikalos-3117.png');                     ">
                </div>
                                                                            
                                <div data-alt="CENU LĪDERI" class="tag tag-soap-29 " style="background-image: url('/uploads/sale/cenu-lideri-6010.png');                     ">
                </div>
                            
                    </div>
        <div class="tags tags_primary info_icon">
            
    <div data-alt="Preču piedāvājums atšķirīgs Maxima veikalos, ar aktuālo akcijas preču piedāvājumu aicinām iepazīties uz vietas veikalā!" class="tag i"></div>

        </div>

        <div class="info-notice">
            


                                                                                                                                    </div>

        <div class="img">
          <img alt="Dušas želeja DOVE Men Sandalwood 400ml" src="/uploads/sale/2025/sales_page/10/31//dusas-zeleja-dove-men-sandalwood-400ml-00831-1031094026.png?1761896426">
        </div>
        <div class="text paldies-card      ">
            <div class="title">Dušas želeja DOVE Men Sandalwood 400ml</div>
            <div class="pack">
                <span class="ptitle"></span>
                <span class="price"> 12.47 €/l</span>
            </div>
                    </div>
        <div class="infopop">
            <div class="in"><span></span>
                <div class="arrow_top"></div>
                <div class="arrow_bottom"></div>
            </div>
        </div>
    </div>
</div><div class="col-third offer-item">
    <div class="item bl_shadow product-237612 paldies-card  offer-2-l-sp-sku units-price        " data-product-id="237612" data-timeout="63" data-dates-interval="11.09.2025. - 15.04.2026." tabindex="0" role="button">
                                                    <div class="discount price with-unit-price ">
                                                                            <div class="paldies-card-icon with-unit-price">
                        <img src="/images/front/icons/paldies2-icon.png" alt="Paldies">
                    </div>
                                                                                                
                    <div class="t1 with-unit-price paldies-card">
            <span class="value">14</span>
            <span class="cents">99</span>
            <span class="eur">€</span>
            <span class="unit-price">749.50 €/kg</span>
        </div>
                    <div class="t2">
                <span class="value">22,99</span>
                <span class="eur">€</span>
            </div>
            <div class="t3 with-unit-price">
                <span class="value">22</span>
                <span class="cents">99</span>
                <span class="eur">€</span>
                <span class="unit-price">1149.50 €/kg</span>            </div>
            
    <span class="vline"></span>
</div>                    		
        
        
        <div class="tags tags_primary bottom_icons">
                                                            
                                <div data-alt="Atlaide ar PALDIES karti" class="tag tag-soap-2 " style="background-image: url('/uploads/sale/atlaide-ar-paldies-karti-7358.png');                     ">
                </div>
                                                                            
                                <div data-alt="Prece pieejama MAXIMA XXX veikalos" class="tag tag-soap-4 tag-shops" style="background-image: url('/uploads/sale/piedavajums-speka-maxima-xxx-veikalos-3117.png');                     ">
                </div>
                                                                            
                                <div data-alt="CENU LĪDERI" class="tag tag-soap-29 " style="background-image: url('/uploads/sale/cenu-lideri-6010.png');                     ">
                </div>
                            
                    </div>
        <div class="tags tags_primary info_icon">
            
    <div data-alt="Preču piedāvājums atšķirīgs Maxima veikalos, ar aktuālo akcijas preču piedāvājumu aicinām iepazīties uz vietas veikalā!" class="tag i"></div>

        </div>

        <div class="info-notice">
            


                                                                                                        </div>

        <div class="img">
          <img alt="Lūpu maska ​​LANEIGE Apple Lime 20g" src="/uploads/sale/2025/sales_page/10/31//lupu-maska-laneige-apple-lime-20g-00833-1031094027.png?1761896427">
        </div>
        <div class="text paldies-card      ">
            <div class="title">Lūpu maska ​​LANEIGE Apple Lime 20g</div>
            <div class="pack">
                <span class="ptitle"></span>
                <span class="price"> 1149.50 €/kg</span>
            </div>
                    </div>
        <div class="infopop">
            <div class="in"><span></span>
                <div class="arrow_top"></div>
                <div class="arrow_bottom"></div>
            </div>
        </div>
    </div>
</div><div class="col-third offer-item">
    <div class="item bl_shadow product-237304 paldies-card  offer-2-l-sp-sku units-price        " data-product-id="237304" data-timeout="63" data-dates-interval="11.09.2025. - 15.04.2026." tabindex="0" role="button">
                                                    <div class="discount price with-unit-price ">
                                                                            <div class="paldies-card-icon with-unit-price">
                        <img src="/images/front/icons/paldies2-icon.png" alt="Paldies">
                    </div>
                                                                                                
                    <div class="t1 with-unit-price paldies-card">
            <span class="value">14</span>
            <span class="cents">99</span>
            <span class="eur">€</span>
            <span class="unit-price">749.50 €/kg</span>
        </div>
                    <div class="t2">
                <span class="value">22,99</span>
                <span class="eur">€</span>
            </div>
            <div class="t3 with-unit-price">
                <span class="value">22</span>
                <span class="cents">99</span>
                <span class="eur">€</span>
                <span class="unit-price">1149.50 €/kg</span>            </div>
            
    <span class="vline"></span>
</div>                    		
        
        
        <div class="tags tags_primary bottom_icons">
                                                            
                                <div data-alt="Atlaide ar PALDIES karti" class="tag tag-soap-2 " style="background-image: url('/uploads/sale/atlaide-ar-paldies-karti-7358.png');                     ">
                </div>
                                                                            
                                <div data-alt="Prece pieejama MAXIMA XXX veikalos" class="tag tag-soap-4 tag-shops" style="background-image: url('/uploads/sale/piedavajums-speka-maxima-xxx-veikalos-3117.png');                     ">
                </div>
                                                                            
                                <div data-alt="CENU LĪDERI" class="tag tag-soap-29 " style="background-image: url('/uploads/sale/cenu-lideri-6010.png');                     ">
                </div>
                            
                    </div>
        <div class="tags tags_primary info_icon">
            
    <div data-alt="Preču piedāvājums atšķirīgs Maxima veikalos, ar aktuālo akcijas preču piedāvājumu aicinām iepazīties uz vietas veikalā!" class="tag i"></div>

        </div>

        <div class="info-notice">
            


                                                                                                        </div>

        <div class="img">
          <img alt="Lūpu maska ​​LANEIGE Grapefruit 20g" src="/uploads/sale/2025/sales_page/10/29//lupu-maska-laneige-grapefruit-20g-00834-1029180550.png?1761753950">
        </div>
        <div class="text paldies-card      ">
            <div class="title">Lūpu maska ​​LANEIGE Grapefruit 20g</div>
            <div class="pack">
                <span class="ptitle"></span>
                <span class="price"> 1149.50 €/kg</span>
            </div>
                    </div>
        <div class="infopop">
            <div class="in"><span></span>
                <div class="arrow_top"></div>
                <div class="arrow_bottom"></div>
            </div>
        </div>
    </div>
</div><div class="col-third offer-item">
    <div class="item bl_shadow product-237631 paldies-card  offer-2-l-sp-sku units-price        " data-product-id="237631" data-timeout="77" data-dates-interval="30.10.2025. - 29.04.2026." tabindex="0" role="button">
                                                    <div class="discount price with-unit-price ">
                                                                            <div class="paldies-card-icon with-unit-price">
                        <img src="/images/front/icons/paldies2-icon.png" alt="Paldies">
                    </div>
                                                                                                                                                                
                    <div class="t1 with-unit-price paldies-card">
            <span class="value">5</span>
            <span class="cents">99</span>
            <span class="eur">€</span>
            <span class="unit-price">119.80 €/l</span>
        </div>
                    <div class="t2">
                <span class="value">10,99</span>
                <span class="eur">€</span>
            </div>
            <div class="t3 with-unit-price">
                <span class="value">10</span>
                <span class="cents">99</span>
                <span class="eur">€</span>
                <span class="unit-price">219.80 €/l</span>            </div>
            
    <span class="vline"></span>
</div>                    		
        
        
        <div class="tags tags_primary bottom_icons">
                                                            
                                <div data-alt="Atlaide ar PALDIES karti" class="tag tag-soap-2 " style="background-image: url('/uploads/sale/atlaide-ar-paldies-karti-7358.png');                     ">
                </div>
                                                                            
                                <div data-alt="Prece pieejama MAXIMA XX veikalos" class="tag tag-soap-3 tag-shops" style="background-image: url('/uploads/sale/piedavajums-speka-maxima-xx-veikalos-6057.png');                     ">
                </div>
                                                                            
                                <div data-alt="Prece pieejama MAXIMA XXX veikalos" class="tag tag-soap-4 tag-shops" style="background-image: url('/uploads/sale/piedavajums-speka-maxima-xxx-veikalos-3117.png');                     ">
                </div>
                                                                            
                                <div data-alt="Latvijas produkts" class="tag tag-soap-6 " style="background-image: url('/uploads/sale/latvijas-produkts-3559.png');                     ">
                </div>
                                                                            
                                <div data-alt="CENU LĪDERI" class="tag tag-soap-29 " style="background-image: url('/uploads/sale/cenu-lideri-6010.png');                     ">
                </div>
                            
                    </div>
        <div class="tags tags_primary info_icon">
            
    <div data-alt="Preču piedāvājums atšķirīgs Maxima veikalos, ar aktuālo akcijas preču piedāvājumu aicinām iepazīties uz vietas veikalā!" class="tag i"></div>

        </div>

        <div class="info-notice">
            


                                                                                                                                                                </div>

        <div class="img">
          <img alt="Sejas krēms BIO2YOU smiltsērkšķu 50ml" src="/uploads/sale/2025/sales_page/10/31//sejas-krems-bio2you-smiltserksku-50ml-00835-1031094032.png?1761896432">
        </div>
        <div class="text paldies-card      ">
            <div class="title">Sejas krēms BIO2YOU smiltsērkšķu 50ml</div>
            <div class="pack">
                <span class="ptitle"></span>
                <span class="price"> 219.80 €/l</span>
            </div>
                    </div>
        <div class="infopop">
            <div class="in"><span></span>
                <div class="arrow_top"></div>
                <div class="arrow_bottom"></div>
            </div>
        </div>
    </div>
</div><div class="col-third offer-item">
    <div class="item bl_shadow product-237632 paldies-card  offer-2-l-sp-sku units-price        " data-product-id="237632" data-timeout="77" data-dates-interval="30.10.2025. - 29.04.2026." tabindex="0" role="button">
                                                    <div class="discount price with-unit-price ">
                                                                            <div class="paldies-card-icon with-unit-price">
                        <img src="/images/front/icons/paldies2-icon.png" alt="Paldies">
                    </div>
                                                                                                                                                                
                    <div class="t1 with-unit-price paldies-card">
            <span class="value">5</span>
            <span class="cents">99</span>
            <span class="eur">€</span>
            <span class="unit-price">119.80 €/l</span>
        </div>
                    <div class="t2">
                <span class="value">10,99</span>
                <span class="eur">€</span>
            </div>
            <div class="t3 with-unit-price">
                <span class="value">10</span>
                <span class="cents">99</span>
                <span class="eur">€</span>
                <span class="unit-price">219.80 €/l</span>            </div>
            
    <span class="vline"></span>
</div>                    		
        
        
        <div class="tags tags_primary bottom_icons">
                                                            
                                <div data-alt="Atlaide ar PALDIES karti" class="tag tag-soap-2 " style="background-image: url('/uploads/sale/atlaide-ar-paldies-karti-7358.png');                     ">
                </div>
                                                                            
                                <div data-alt="Prece pieejama MAXIMA XX veikalos" class="tag tag-soap-3 tag-shops" style="background-image: url('/uploads/sale/piedavajums-speka-maxima-xx-veikalos-6057.png');                     ">
                </div>
                                                                            
                                <div data-alt="Prece pieejama MAXIMA XXX veikalos" class="tag tag-soap-4 tag-shops" style="background-image: url('/uploads/sale/piedavajums-speka-maxima-xxx-veikalos-3117.png');                     ">
                </div>
                                                                            
                                <div data-alt="Latvijas produkts" class="tag tag-soap-6 " style="background-image: url('/uploads/sale/latvijas-produkts-3559.png');                     ">
                </div>
                                                                            
                                <div data-alt="CENU LĪDERI" class="tag tag-soap-29 " style="background-image: url('/uploads/sale/cenu-lideri-6010.png');                     ">
                </div>
                            
                    </div>
        <div class="tags tags_primary info_icon">
            
    <div data-alt="Preču piedāvājums atšķirīgs Maxima veikalos, ar aktuālo akcijas preču piedāvājumu aicinām iepazīties uz vietas veikalā!" class="tag i"></div>

        </div>

        <div class="info-notice">
            


                                                                                                                                                                </div>

        <div class="img">
          <img alt="Sej.serums BIO2YOU ar hialuronskābi 50ml" src="/uploads/sale/2025/sales_page/10/31//sej-serums-bio2you-ar-hialuronskabi-50ml-00836-1031094032.png?1761896432">
        </div>
        <div class="text paldies-card      ">
            <div class="title">Sej.serums BIO2YOU ar hialuronskābi 50ml</div>
            <div class="pack">
                <span class="ptitle"></span>
                <span class="price"> 219.80 €/l</span>
            </div>
                    </div>
        <div class="infopop">
            <div class="in"><span></span>
                <div class="arrow_top"></div>
                <div class="arrow_bottom"></div>
            </div>
        </div>
    </div>
</div><div class="col-third offer-item">
    <div class="item bl_shadow product-237305 paldies-card  offer-2-l-sp-sku units-price        " data-product-id="237305" data-timeout="77" data-dates-interval="27.03.2025. - 29.04.2026." tabindex="0" role="button">
                                                    <div class="discount price with-unit-price ">
                                                                            <div class="paldies-card-icon with-unit-price">
                        <img src="/images/front/icons/paldies2-icon.png" alt="Paldies">
                    </div>
                                                                
                    <div class="t1 with-unit-price paldies-card">
            <span class="value">2</span>
            <span class="cents">59</span>
            <span class="eur">€</span>
            <span class="unit-price">51.80 €/l</span>
        </div>
                    <div class="t2">
                <span class="value">4,79</span>
                <span class="eur">€</span>
            </div>
            <div class="t3 with-unit-price">
                <span class="value">4</span>
                <span class="cents">79</span>
                <span class="eur">€</span>
                <span class="unit-price">95.80 €/l</span>            </div>
            
    <span class="vline"></span>
</div>                    		
        
        
        <div class="tags tags_primary bottom_icons">
                                                            
                                <div data-alt="Atlaide ar PALDIES karti" class="tag tag-soap-2 " style="background-image: url('/uploads/sale/atlaide-ar-paldies-karti-7358.png');                     ">
                </div>
                                                                            
                                <div data-alt="CENU LĪDERI" class="tag tag-soap-29 " style="background-image: url('/uploads/sale/cenu-lideri-6010.png');                     ">
                </div>
                            
                    </div>
        <div class="tags tags_primary info_icon">
            
    <div data-alt="Preču piedāvājums atšķirīgs Maxima veikalos, ar aktuālo akcijas preču piedāvājumu aicinām iepazīties uz vietas veikalā!" class="tag i"></div>

        </div>

        <div class="info-notice">
            


                                                                            </div>

        <div class="img">
          <img alt="Dezodor.REXONA Aloe Vera zīm.siev.50ml" src="/uploads/sale/2025/sales_page/10/29//dezodor-rexona-aloe-vera-zim-siev-50ml-00838-0210092517.png?1770708317">
        </div>
        <div class="text paldies-card      ">
            <div class="title">Dezodor.REXONA Aloe Vera zīm.siev.50ml</div>
            <div class="pack">
                <span class="ptitle"></span>
                <span class="price"> 95.80 €/l</span>
            </div>
                    </div>
        <div class="infopop">
            <div class="in"><span></span>
                <div class="arrow_top"></div>
                <div class="arrow_bottom"></div>
            </div>
        </div>
    </div>
</div><div class="col-third offer-item">
    <div class="item bl_shadow product-237634 paldies-card  offer-2-l-sp-sku units-price        " data-product-id="237634" data-timeout="77" data-dates-interval="30.10.2025. - 29.04.2026." tabindex="0" role="button">
                                                    <div class="discount price with-unit-price ">
                                                                            <div class="paldies-card-icon with-unit-price">
                        <img src="/images/front/icons/paldies2-icon.png" alt="Paldies">
                    </div>
                                                                
                    <div class="t1 with-unit-price paldies-card">
            <span class="value">9</span>
            <span class="cents">99</span>
            <span class="eur">€</span>
            <span class="unit-price">0.33 €/gab</span>
        </div>
                    <div class="t2">
                <span class="value">14,99</span>
                <span class="eur">€</span>
            </div>
            <div class="t3 with-unit-price">
                <span class="value">14</span>
                <span class="cents">99</span>
                <span class="eur">€</span>
                <span class="unit-price">0.50 €/gab</span>            </div>
            
    <span class="vline"></span>
</div>                    		
        
        
        <div class="tags tags_primary bottom_icons">
                                                            
                                <div data-alt="Atlaide ar PALDIES karti" class="tag tag-soap-2 " style="background-image: url('/uploads/sale/atlaide-ar-paldies-karti-7358.png');                     ">
                </div>
                                                                            
                                <div data-alt="CENU LĪDERI" class="tag tag-soap-29 " style="background-image: url('/uploads/sale/cenu-lideri-6010.png');                     ">
                </div>
                            
                    </div>
        <div class="tags tags_primary info_icon">
            
    <div data-alt="Preču piedāvājums atšķirīgs Maxima veikalos, ar aktuālo akcijas preču piedāvājumu aicinām iepazīties uz vietas veikalā!" class="tag i"></div>

        </div>

        <div class="info-notice">
            


                                                                            </div>

        <div class="img">
          <img alt="Tr.mazg.maš.kaps.SOMAT Excell.4in1 30gab" src="/uploads/sale/2025/sales_page/10/31//tr-mazg-mas-kaps-somat-excell-4in1-30gab-00840-1031094032.png?1761896432">
        </div>
        <div class="text paldies-card      ">
            <div class="title">Tr.mazg.maš.kaps.SOMAT Excell.4in1 30gab</div>
            <div class="pack">
                <span class="ptitle"></span>
                <span class="price"> 0.50 €/gab</span>
            </div>
                    </div>
        <div class="infopop">
            <div class="in"><span></span>
                <div class="arrow_top"></div>
                <div class="arrow_bottom"></div>
            </div>
        </div>
    </div>
</div><div class="col-third offer-item">
    <div class="item bl_shadow product-237490 paldies-card  offer-2-l-sp-sku units-price        " data-product-id="237490" data-timeout="77" data-dates-interval="30.01.2024. - 29.04.2026." tabindex="0" role="button">
                                                    <div class="discount price with-unit-price ">
                                                                            <div class="paldies-card-icon with-unit-price">
                        <img src="/images/front/icons/paldies2-icon.png" alt="Paldies">
                    </div>
                                                                
                    <div class="t1 with-unit-price paldies-card">
            <span class="value">2</span>
            <span class="cents">49</span>
            <span class="eur">€</span>
            <span class="unit-price">33.20 €/l</span>
        </div>
                    <div class="t2">
                <span class="value">4,29</span>
                <span class="eur">€</span>
            </div>
            <div class="t3 with-unit-price">
                <span class="value">4</span>
                <span class="cents">29</span>
                <span class="eur">€</span>
                <span class="unit-price">57.20 €/l</span>            </div>
            
    <span class="vline"></span>
</div>                    		
        
        
        <div class="tags tags_primary bottom_icons">
                                                            
                                <div data-alt="Atlaide ar PALDIES karti" class="tag tag-soap-2 " style="background-image: url('/uploads/sale/atlaide-ar-paldies-karti-7358.png');                     ">
                </div>
                                                                            
                                <div data-alt="CENU LĪDERI" class="tag tag-soap-29 " style="background-image: url('/uploads/sale/cenu-lideri-6010.png');                     ">
                </div>
                            
                    </div>
        <div class="tags tags_primary info_icon">
            
    <div data-alt="Preču piedāvājums atšķirīgs Maxima veikalos, ar aktuālo akcijas preču piedāvājumu aicinām iepazīties uz vietas veikalā!" class="tag i"></div>

        </div>

        <div class="info-notice">
            


                                                                            </div>

        <div class="img">
          <img alt="Ķerm.krēms NIVEA Soft intens.mitrin.75ml" src="/uploads/sale/2025/sales_page/10/29//kerm-krems-nivea-soft-intens-mitrin-75ml-00890-1029180617.png?1761753977">
        </div>
        <div class="text paldies-card      ">
            <div class="title">Ķerm.krēms NIVEA Soft intens.mitrin.75ml</div>
            <div class="pack">
                <span class="ptitle"></span>
                <span class="price"> 57.20 €/l</span>
            </div>
                    </div>
        <div class="infopop">
            <div class="in"><span></span>
                <div class="arrow_top"></div>
                <div class="arrow_bottom"></div>
            </div>
        </div>
    </div>
</div><div class="col-third offer-item">
    <div class="item bl_shadow product-237491 paldies-card  offer-2-l-sp-sku units-price        " data-product-id="237491" data-timeout="77" data-dates-interval="16.03.2023. - 29.04.2026." tabindex="0" role="button">
                                                    <div class="discount price with-unit-price ">
                                                                            <div class="paldies-card-icon with-unit-price">
                        <img src="/images/front/icons/paldies2-icon.png" alt="Paldies">
                    </div>
                                                                
                    <div class="t1 with-unit-price paldies-card">
            <span class="value">3</span>
            <span class="cents">59</span>
            <span class="eur">€</span>
            <span class="unit-price">1.80 €/gab</span>
        </div>
                    <div class="t2">
                <span class="value">5,49</span>
                <span class="eur">€</span>
            </div>
            <div class="t3 with-unit-price">
                <span class="value">5</span>
                <span class="cents">49</span>
                <span class="eur">€</span>
                <span class="unit-price">2.75 €/gab</span>            </div>
            
    <span class="vline"></span>
</div>                    		
        
        
        <div class="tags tags_primary bottom_icons">
                                                            
                                <div data-alt="Atlaide ar PALDIES karti" class="tag tag-soap-2 " style="background-image: url('/uploads/sale/atlaide-ar-paldies-karti-7358.png');                     ">
                </div>
                                                                            
                                <div data-alt="CENU LĪDERI" class="tag tag-soap-29 " style="background-image: url('/uploads/sale/cenu-lideri-6010.png');                     ">
                </div>
                            
                    </div>
        <div class="tags tags_primary info_icon">
            
    <div data-alt="Preču piedāvājums atšķirīgs Maxima veikalos, ar aktuālo akcijas preču piedāvājumu aicinām iepazīties uz vietas veikalā!" class="tag i"></div>

        </div>

        <div class="info-notice">
            


                                                                            </div>

        <div class="img">
          <img alt="Papīra dvieļi ZEWA W&amp;W Design 2 ruļļi" src="/uploads/sale/2025/sales_page/10/29//papira-dvieli-zewa-w-w-design-2-rulli-00891-0210093518.png?1770708918">
        </div>
        <div class="text paldies-card      ">
            <div class="title">Papīra dvieļi ZEWA W&amp;W Design 2 ruļļi</div>
            <div class="pack">
                <span class="ptitle"></span>
                <span class="price"> 2.75 €/gab</span>
            </div>
                    </div>
        <div class="infopop">
            <div class="in"><span></span>
                <div class="arrow_top"></div>
                <div class="arrow_bottom"></div>
            </div>
        </div>
    </div>
</div><div class="col-third offer-item">
    <div class="item bl_shadow product-237626 paldies-card  offer-2-l-sp-sku units-price        " data-product-id="237626" data-timeout="77" data-dates-interval="30.10.2025. - 29.04.2026." tabindex="0" role="button">
                                                    <div class="discount price with-unit-price ">
                                                                            <div class="paldies-card-icon with-unit-price">
                        <img src="/images/front/icons/paldies2-icon.png" alt="Paldies">
                    </div>
                                                                
                    <div class="t1 with-unit-price paldies-card">
            <span class="value">3</span>
            <span class="cents">79</span>
            <span class="eur">€</span>
            <span class="unit-price">18.95 €/l</span>
        </div>
                    <div class="t2">
                <span class="value">6,29</span>
                <span class="eur">€</span>
            </div>
            <div class="t3 with-unit-price">
                <span class="value">6</span>
                <span class="cents">29</span>
                <span class="eur">€</span>
                <span class="unit-price">31.45 €/l</span>            </div>
            
    <span class="vline"></span>
</div>                    		
        
        
        <div class="tags tags_primary bottom_icons">
                                                            
                                <div data-alt="Atlaide ar PALDIES karti" class="tag tag-soap-2 " style="background-image: url('/uploads/sale/atlaide-ar-paldies-karti-7358.png');                     ">
                </div>
                                                                            
                                <div data-alt="CENU LĪDERI" class="tag tag-soap-29 " style="background-image: url('/uploads/sale/cenu-lideri-6010.png');                     ">
                </div>
                            
                    </div>
        <div class="tags tags_primary info_icon">
            
    <div data-alt="Preču piedāvājums atšķirīgs Maxima veikalos, ar aktuālo akcijas preču piedāvājumu aicinām iepazīties uz vietas veikalā!" class="tag i"></div>

        </div>

        <div class="info-notice">
            


                                                                            </div>

        <div class="img">
          <img alt="Skūšanās žel.GILLETTE SENSITIVE 200ml" src="/uploads/sale/2025/sales_page/10/31//skusanas-zel-gillette-sensitive-200ml-00892-1031094030.png?1761896430">
        </div>
        <div class="text paldies-card      ">
            <div class="title">Skūšanās žel.GILLETTE SENSITIVE 200ml</div>
            <div class="pack">
                <span class="ptitle"></span>
                <span class="price"> 31.45 €/l</span>
            </div>
                    </div>
        <div class="infopop">
            <div class="in"><span></span>
                <div class="arrow_top"></div>
                <div class="arrow_bottom"></div>
            </div>
        </div>
    </div>
</div><div class="col-third offer-item">
    <div class="item bl_shadow product-237627 paldies-card  offer-2-l-sp-sku units-price        " data-product-id="237627" data-timeout="77" data-dates-interval="30.10.2025. - 29.04.2026." tabindex="0" role="button">
                                                    <div class="discount price with-unit-price ">
                                                                            <div class="paldies-card-icon with-unit-price">
                        <img src="/images/front/icons/paldies2-icon.png" alt="Paldies">
                    </div>
                                                                                                                                
                    <div class="t1 with-unit-price paldies-card">
            <span class="value">1</span>
            <span class="cents">99</span>
            <span class="eur">€</span>
            <span class="unit-price">1.99 €/gab</span>
        </div>
                    <div class="t2">
                <span class="value">3,39</span>
                <span class="eur">€</span>
            </div>
            <div class="t3 with-unit-price">
                <span class="value">3</span>
                <span class="cents">39</span>
                <span class="eur">€</span>
                <span class="unit-price">3.39 €/gab</span>            </div>
            
    <span class="vline"></span>
</div>                    		
        
        
        <div class="tags tags_primary bottom_icons">
                                                            
                                <div data-alt="Atlaide ar PALDIES karti" class="tag tag-soap-2 " style="background-image: url('/uploads/sale/atlaide-ar-paldies-karti-7358.png');                     ">
                </div>
                                                                            
                                <div data-alt="Prece pieejama MAXIMA XX veikalos" class="tag tag-soap-3 tag-shops" style="background-image: url('/uploads/sale/piedavajums-speka-maxima-xx-veikalos-6057.png');                     ">
                </div>
                                                                            
                                <div data-alt="Prece pieejama MAXIMA XXX veikalos" class="tag tag-soap-4 tag-shops" style="background-image: url('/uploads/sale/piedavajums-speka-maxima-xxx-veikalos-3117.png');                     ">
                </div>
                                                                            
                                <div data-alt="CENU LĪDERI" class="tag tag-soap-29 " style="background-image: url('/uploads/sale/cenu-lideri-6010.png');                     ">
                </div>
                            
                    </div>
        <div class="tags tags_primary info_icon">
            
    <div data-alt="Preču piedāvājums atšķirīgs Maxima veikalos, ar aktuālo akcijas preču piedāvājumu aicinām iepazīties uz vietas veikalā!" class="tag i"></div>

        </div>

        <div class="info-notice">
            


                                                                                                                                    </div>

        <div class="img">
          <img alt="Zobu birste ORAL-B STAGES3 SOFT bērniem" src="/uploads/sale/2025/sales_page/10/31//zobu-birste-oral-b-stages3-soft-berniem-00893-1031094030.png?1761896430">
        </div>
        <div class="text paldies-card      ">
            <div class="title">Zobu birste ORAL-B STAGES3 SOFT bērniem</div>
            <div class="pack">
                <span class="ptitle"></span>
                <span class="price"> 3.39 €/gab</span>
            </div>
                    </div>
        <div class="infopop">
            <div class="in"><span></span>
                <div class="arrow_top"></div>
                <div class="arrow_bottom"></div>
            </div>
        </div>
    </div>
</div><div class="col-third offer-item">
    <div class="item bl_shadow product-237629 paldies-card  offer-2-l-sp-sku units-price        " data-product-id="237629" data-timeout="77" data-dates-interval="30.10.2025. - 29.04.2026." tabindex="0" role="button">
                                                    <div class="discount price with-unit-price ">
                                                                            <div class="paldies-card-icon with-unit-price">
                        <img src="/images/front/icons/paldies2-icon.png" alt="Paldies">
                    </div>
                                                                                                                                
                    <div class="t1 with-unit-price paldies-card">
            <span class="value">5</span>
            <span class="cents">99</span>
            <span class="eur">€</span>
            <span class="unit-price">23.96 €/l</span>
        </div>
                    <div class="t2">
                <span class="value">8,59</span>
                <span class="eur">€</span>
            </div>
            <div class="t3 with-unit-price">
                <span class="value">8</span>
                <span class="cents">59</span>
                <span class="eur">€</span>
                <span class="unit-price">34.36 €/l</span>            </div>
            
    <span class="vline"></span>
</div>                    		
        
        
        <div class="tags tags_primary bottom_icons">
                                                            
                                <div data-alt="Atlaide ar PALDIES karti" class="tag tag-soap-2 " style="background-image: url('/uploads/sale/atlaide-ar-paldies-karti-7358.png');                     ">
                </div>
                                                                            
                                <div data-alt="Prece pieejama MAXIMA XX veikalos" class="tag tag-soap-3 tag-shops" style="background-image: url('/uploads/sale/piedavajums-speka-maxima-xx-veikalos-6057.png');                     ">
                </div>
                                                                            
                                <div data-alt="Prece pieejama MAXIMA XXX veikalos" class="tag tag-soap-4 tag-shops" style="background-image: url('/uploads/sale/piedavajums-speka-maxima-xxx-veikalos-3117.png');                     ">
                </div>
                                                                            
                                <div data-alt="CENU LĪDERI" class="tag tag-soap-29 " style="background-image: url('/uploads/sale/cenu-lideri-6010.png');                     ">
                </div>
                            
                    </div>
        <div class="tags tags_primary info_icon">
            
    <div data-alt="Preču piedāvājums atšķirīgs Maxima veikalos, ar aktuālo akcijas preču piedāvājumu aicinām iepazīties uz vietas veikalā!" class="tag i"></div>

        </div>

        <div class="info-notice">
            


                                                                                                                                    </div>

        <div class="img">
          <img alt="Gaisa ats.rez.AIRWICK FM Orange fl.250ml" src="/uploads/sale/2025/sales_page/10/31//gaisa-ats-rez-airwick-fm-orange-fl-250ml-00898-1031094030.png?1761896430">
        </div>
        <div class="text paldies-card      ">
            <div class="title">Gaisa ats.rez.AIRWICK FM Orange fl.250ml</div>
            <div class="pack">
                <span class="ptitle"></span>
                <span class="price"> 34.36 €/l</span>
            </div>
                    </div>
        <div class="infopop">
            <div class="in"><span></span>
                <div class="arrow_top"></div>
                <div class="arrow_bottom"></div>
            </div>
        </div>
    </div>
</div><div class="col-third offer-item">
    <div class="item bl_shadow product-237630 paldies-card  offer-2-l-sp-sku units-price        " data-product-id="237630" data-timeout="77" data-dates-interval="30.10.2025. - 29.04.2026." tabindex="0" role="button">
                                                    <div class="discount price with-unit-price ">
                                                                            <div class="paldies-card-icon with-unit-price">
                        <img src="/images/front/icons/paldies2-icon.png" alt="Paldies">
                    </div>
                                                                                                
                    <div class="t1 with-unit-price paldies-card">
            <span class="value">5</span>
            <span class="cents">99</span>
            <span class="eur">€</span>
            <span class="unit-price">23.96 €/l</span>
        </div>
                    <div class="t2">
                <span class="value">8,59</span>
                <span class="eur">€</span>
            </div>
            <div class="t3 with-unit-price">
                <span class="value">8</span>
                <span class="cents">59</span>
                <span class="eur">€</span>
                <span class="unit-price">34.36 €/l</span>            </div>
            
    <span class="vline"></span>
</div>                    		
        
        
        <div class="tags tags_primary bottom_icons">
                                                            
                                <div data-alt="Atlaide ar PALDIES karti" class="tag tag-soap-2 " style="background-image: url('/uploads/sale/atlaide-ar-paldies-karti-7358.png');                     ">
                </div>
                                                                            
                                <div data-alt="Prece pieejama MAXIMA XXX veikalos" class="tag tag-soap-4 tag-shops" style="background-image: url('/uploads/sale/piedavajums-speka-maxima-xxx-veikalos-3117.png');                     ">
                </div>
                                                                            
                                <div data-alt="CENU LĪDERI" class="tag tag-soap-29 " style="background-image: url('/uploads/sale/cenu-lideri-6010.png');                     ">
                </div>
                            
                    </div>
        <div class="tags tags_primary info_icon">
            
    <div data-alt="Preču piedāvājums atšķirīgs Maxima veikalos, ar aktuālo akcijas preču piedāvājumu aicinām iepazīties uz vietas veikalā!" class="tag i"></div>

        </div>

        <div class="info-notice">
            


                                                                                                        </div>

        <div class="img">
          <img alt="Gaisa ats.rez.AIRWICK FM White fl. 250ml" src="/uploads/sale/2025/sales_page/10/31//gaisa-ats-rez-airwick-fm-white-fl-250ml-00899-1031094030.png?1761896430">
        </div>
        <div class="text paldies-card      ">
            <div class="title">Gaisa ats.rez.AIRWICK FM White fl. 250ml</div>
            <div class="pack">
                <span class="ptitle"></span>
                <span class="price"> 34.36 €/l</span>
            </div>
                    </div>
        <div class="infopop">
            <div class="in"><span></span>
                <div class="arrow_top"></div>
                <div class="arrow_bottom"></div>
            </div>
        </div>
    </div>
</div><div class="col-third offer-item">
    <div class="item bl_shadow product-237495 paldies-card  offer-2-l-sp-sku units-price        " data-product-id="237495" data-timeout="77" data-dates-interval="30.07.2024. - 29.04.2026." tabindex="0" role="button">
                                                    <div class="discount price with-unit-price ">
                                                                            <div class="paldies-card-icon with-unit-price">
                        <img src="/images/front/icons/paldies2-icon.png" alt="Paldies">
                    </div>
                                                                                                                                
                    <div class="t1 with-unit-price paldies-card">
            <span class="value">1</span>
            <span class="cents">39</span>
            <span class="eur">€</span>
            <span class="unit-price">2.78 €/l</span>
        </div>
                    <div class="t2">
                <span class="value">1,89</span>
                <span class="eur">€</span>
            </div>
            <div class="t3 with-unit-price">
                <span class="value">1</span>
                <span class="cents">89</span>
                <span class="eur">€</span>
                <span class="unit-price">3.78 €/l</span>            </div>
            
    <span class="vline"></span>
</div>                    		
        
        
        <div class="tags tags_primary bottom_icons">
                                                            
                                <div data-alt="Atlaide ar PALDIES karti" class="tag tag-soap-2 " style="background-image: url('/uploads/sale/atlaide-ar-paldies-karti-7358.png');                     ">
                </div>
                                                                            
                                <div data-alt="Prece pieejama MAXIMA XX veikalos" class="tag tag-soap-3 tag-shops" style="background-image: url('/uploads/sale/piedavajums-speka-maxima-xx-veikalos-6057.png');                     ">
                </div>
                                                                            
                                <div data-alt="Prece pieejama MAXIMA XXX veikalos" class="tag tag-soap-4 tag-shops" style="background-image: url('/uploads/sale/piedavajums-speka-maxima-xxx-veikalos-3117.png');                     ">
                </div>
                                                                            
                                <div data-alt="CENU LĪDERI" class="tag tag-soap-29 " style="background-image: url('/uploads/sale/cenu-lideri-6010.png');                     ">
                </div>
                            
                    </div>
        <div class="tags tags_primary info_icon">
            
    <div data-alt="Preču piedāvājums atšķirīgs Maxima veikalos, ar aktuālo akcijas preču piedāvājumu aicinām iepazīties uz vietas veikalā!" class="tag i"></div>

        </div>

        <div class="info-notice">
            


                                                                                                                                    </div>

        <div class="img">
          <img alt="Trauku mazg.līdz.MAYERI Sensitive 500ml" src="/uploads/sale/2025/sales_page/10/29//trauku-mazg-lidz-mayeri-sensitive-500ml-00900-1029180147.png?1761753707">
        </div>
        <div class="text paldies-card      ">
            <div class="title">Trauku mazg.līdz.MAYERI Sensitive 500ml</div>
            <div class="pack">
                <span class="ptitle"></span>
                <span class="price"> 3.78 €/l</span>
            </div>
                    </div>
        <div class="infopop">
            <div class="in"><span></span>
                <div class="arrow_top"></div>
                <div class="arrow_bottom"></div>
            </div>
        </div>
    </div>
</div><div class="col-third offer-item">
    <div class="item bl_shadow product-237573 paldies-card  offer-2-l-sp-sku units-price        " data-product-id="237573" data-timeout="77" data-dates-interval="30.10.2025. - 29.04.2026." tabindex="0" role="button">
                                                    <div class="discount price with-unit-price ">
                                                                            <div class="paldies-card-icon with-unit-price">
                        <img src="/images/front/icons/paldies2-icon.png" alt="Paldies">
                    </div>
                                                                
                    <div class="t1 with-unit-price paldies-card">
            <span class="value">2</span>
            <span class="cents">29</span>
            <span class="eur">€</span>
            <span class="unit-price">477.08 €/kg</span>
        </div>
                    <div class="t2">
                <span class="value">3,89</span>
                <span class="eur">€</span>
            </div>
            <div class="t3 with-unit-price">
                <span class="value">3</span>
                <span class="cents">89</span>
                <span class="eur">€</span>
                <span class="unit-price">810.42 €/kg</span>            </div>
            
    <span class="vline"></span>
</div>                    		
        
        
        <div class="tags tags_primary bottom_icons">
                                                            
                                <div data-alt="Atlaide ar PALDIES karti" class="tag tag-soap-2 " style="background-image: url('/uploads/sale/atlaide-ar-paldies-karti-7358.png');                     ">
                </div>
                                                                            
                                <div data-alt="CENU LĪDERI" class="tag tag-soap-29 " style="background-image: url('/uploads/sale/cenu-lideri-6010.png');                     ">
                </div>
                            
                    </div>
        <div class="tags tags_primary info_icon">
            
    <div data-alt="Preču piedāvājums atšķirīgs Maxima veikalos, ar aktuālo akcijas preču piedāvājumu aicinām iepazīties uz vietas veikalā!" class="tag i"></div>

        </div>

        <div class="info-notice">
            


                                                                            </div>

        <div class="img">
          <img alt="Lūpu balzams NIVEA ESSENTIAL 4,8g" src="/uploads/sale/2025/sales_page/10/31//lupu-balzams-nivea-essential-4-8g-00901-0210090017.png?1770706817">
        </div>
        <div class="text paldies-card      ">
            <div class="title">Lūpu balzams NIVEA ESSENTIAL 4,8g</div>
            <div class="pack">
                <span class="ptitle"></span>
                <span class="price"> 810.42 €/kg</span>
            </div>
                    </div>
        <div class="infopop">
            <div class="in"><span></span>
                <div class="arrow_top"></div>
                <div class="arrow_bottom"></div>
            </div>
        </div>
    </div>
</div><div class="col-third offer-item">
    <div class="item bl_shadow product-237496 paldies-card  offer-2-l-sp-sku units-price        " data-product-id="237496" data-timeout="77" data-dates-interval="30.10.2025. - 29.04.2026." tabindex="0" role="button">
                                                    <div class="discount price with-unit-price ">
                                                                            <div class="paldies-card-icon with-unit-price">
                        <img src="/images/front/icons/paldies2-icon.png" alt="Paldies">
                    </div>
                                                                                                                                
                    <div class="t1 with-unit-price paldies-card">
            <span class="value">3</span>
            <span class="cents">99</span>
            <span class="eur">€</span>
            <span class="unit-price">5.32 €/l</span>
        </div>
                    <div class="t2">
                <span class="value">6,69</span>
                <span class="eur">€</span>
            </div>
            <div class="t3 with-unit-price">
                <span class="value">6</span>
                <span class="cents">69</span>
                <span class="eur">€</span>
                <span class="unit-price">8.92 €/l</span>            </div>
            
    <span class="vline"></span>
</div>                    		
        
        
        <div class="tags tags_primary bottom_icons">
                                                            
                                <div data-alt="Atlaide ar PALDIES karti" class="tag tag-soap-2 " style="background-image: url('/uploads/sale/atlaide-ar-paldies-karti-7358.png');                     ">
                </div>
                                                                            
                                <div data-alt="Prece pieejama MAXIMA XX veikalos" class="tag tag-soap-3 tag-shops" style="background-image: url('/uploads/sale/piedavajums-speka-maxima-xx-veikalos-6057.png');                     ">
                </div>
                                                                            
                                <div data-alt="Prece pieejama MAXIMA XXX veikalos" class="tag tag-soap-4 tag-shops" style="background-image: url('/uploads/sale/piedavajums-speka-maxima-xxx-veikalos-3117.png');                     ">
                </div>
                                                                            
                                <div data-alt="CENU LĪDERI" class="tag tag-soap-29 " style="background-image: url('/uploads/sale/cenu-lideri-6010.png');                     ">
                </div>
                            
                    </div>
        <div class="tags tags_primary info_icon">
            
    <div data-alt="Preču piedāvājums atšķirīgs Maxima veikalos, ar aktuālo akcijas preču piedāvājumu aicinām iepazīties uz vietas veikalā!" class="tag i"></div>

        </div>

        <div class="info-notice">
            


                                                                                                                                    </div>

        <div class="img">
          <img alt="Tīr.līdz. SANO Forte Plus plītij 750ml" src="/uploads/sale/2025/sales_page/10/29//tir-lidz-sano-forte-plus-plitij-750ml-00902-1029180617.png?1761753977">
        </div>
        <div class="text paldies-card      ">
            <div class="title">Tīr.līdz. SANO Forte Plus plītij 750ml</div>
            <div class="pack">
                <span class="ptitle"></span>
                <span class="price"> 8.92 €/l</span>
            </div>
                    </div>
        <div class="infopop">
            <div class="in"><span></span>
                <div class="arrow_top"></div>
                <div class="arrow_bottom"></div>
            </div>
        </div>
    </div>
</div><div class="col-third offer-item">
    <div class="item bl_shadow product-237497 paldies-card  offer-2-l-sp-sku units-price        " data-product-id="237497" data-timeout="77" data-dates-interval="20.06.2023. - 29.04.2026." tabindex="0" role="button">
                                                    <div class="discount price with-unit-price ">
                                                                            <div class="paldies-card-icon with-unit-price">
                        <img src="/images/front/icons/paldies2-icon.png" alt="Paldies">
                    </div>
                                                                
                    <div class="t1 with-unit-price paldies-card">
            <span class="value">3</span>
            <span class="cents">99</span>
            <span class="eur">€</span>
            <span class="unit-price">0.25 €/gab</span>
        </div>
                    <div class="t2">
                <span class="value">5,69</span>
                <span class="eur">€</span>
            </div>
            <div class="t3 with-unit-price">
                <span class="value">5</span>
                <span class="cents">69</span>
                <span class="eur">€</span>
                <span class="unit-price">0.36 €/gab</span>            </div>
            
    <span class="vline"></span>
</div>                    		
        
        
        <div class="tags tags_primary bottom_icons">
                                                            
                                <div data-alt="Atlaide ar PALDIES karti" class="tag tag-soap-2 " style="background-image: url('/uploads/sale/atlaide-ar-paldies-karti-7358.png');                     ">
                </div>
                                                                            
                                <div data-alt="CENU LĪDERI" class="tag tag-soap-29 " style="background-image: url('/uploads/sale/cenu-lideri-6010.png');                     ">
                </div>
                            
                    </div>
        <div class="tags tags_primary info_icon">
            
    <div data-alt="Preču piedāvājums atšķirīgs Maxima veikalos, ar aktuālo akcijas preču piedāvājumu aicinām iepazīties uz vietas veikalā!" class="tag i"></div>

        </div>

        <div class="info-notice">
            


                                                                            </div>

        <div class="img">
          <img alt="Hig.tamponi TAMPAX COMPAK SUPER 16gab." src="/uploads/sale/2025/sales_page/10/29//hig-tamponi-tampax-compak-super-16gab-00903-1029180622.png?1761753982">
        </div>
        <div class="text paldies-card      ">
            <div class="title">Hig.tamponi TAMPAX COMPAK SUPER 16gab.</div>
            <div class="pack">
                <span class="ptitle"></span>
                <span class="price"> 0.36 €/gab</span>
            </div>
                    </div>
        <div class="infopop">
            <div class="in"><span></span>
                <div class="arrow_top"></div>
                <div class="arrow_bottom"></div>
            </div>
        </div>
    </div>
</div><div class="col-third offer-item">
    <div class="item bl_shadow product-237574 paldies-card  offer-2-l-sp-sku units-price        " data-product-id="237574" data-timeout="77" data-dates-interval="30.10.2025. - 29.04.2026." tabindex="0" role="button">
                                                    <div class="discount price with-unit-price ">
                                                                            <div class="paldies-card-icon with-unit-price">
                        <img src="/images/front/icons/paldies2-icon.png" alt="Paldies">
                    </div>
                                                                                                
                    <div class="t1 with-unit-price paldies-card">
            <span class="value">1</span>
            <span class="cents">99</span>
            <span class="eur">€</span>
            <span class="unit-price">1.99 €/gab</span>
        </div>
                    <div class="t2">
                <span class="value">3,29</span>
                <span class="eur">€</span>
            </div>
            <div class="t3 with-unit-price">
                <span class="value">3</span>
                <span class="cents">29</span>
                <span class="eur">€</span>
                <span class="unit-price">3.29 €/gab</span>            </div>
            
    <span class="vline"></span>
</div>                    		
        
        
        <div class="tags tags_primary bottom_icons">
                                                            
                                <div data-alt="Atlaide ar PALDIES karti" class="tag tag-soap-2 " style="background-image: url('/uploads/sale/atlaide-ar-paldies-karti-7358.png');                     ">
                </div>
                                                                            
                                <div data-alt="Mazuļu klubs" class="tag tag-soap-8 " style="background-image: url('/uploads/sale/mazulu-klubs-3549.png');                     ">
                </div>
                                                                            
                                <div data-alt="CENU LĪDERI" class="tag tag-soap-29 " style="background-image: url('/uploads/sale/cenu-lideri-6010.png');                     ">
                </div>
                            
                    </div>
        <div class="tags tags_primary info_icon">
            
    <div data-alt="Preču piedāvājums atšķirīgs Maxima veikalos, ar aktuālo akcijas preču piedāvājumu aicinām iepazīties uz vietas veikalā!" class="tag i"></div>

        </div>

        <div class="info-notice">
            


                                                                                                        </div>

        <div class="img">
          <img alt="Zobu birste JORDAN STEP1 0–2gadiem" src="/uploads/sale/2025/sales_page/10/31//zobu-birste-jordan-step1-0-2gadiem-00904-1031094021.png?1761896421">
        </div>
        <div class="text paldies-card      ">
            <div class="title">Zobu birste JORDAN STEP1 0–2gadiem</div>
            <div class="pack">
                <span class="ptitle"></span>
                <span class="price"> 3.29 €/gab</span>
            </div>
                    </div>
        <div class="infopop">
            <div class="in"><span></span>
                <div class="arrow_top"></div>
                <div class="arrow_bottom"></div>
            </div>
        </div>
    </div>
</div><div class="col-third offer-item">
    <div class="item bl_shadow product-237575 paldies-card  offer-2-l-sp-sku units-price        " data-product-id="237575" data-timeout="77" data-dates-interval="30.10.2025. - 29.04.2026." tabindex="0" role="button">
                                                    <div class="discount price with-unit-price ">
                                                                            <div class="paldies-card-icon with-unit-price">
                        <img src="/images/front/icons/paldies2-icon.png" alt="Paldies">
                    </div>
                                                                
                    <div class="t1 with-unit-price paldies-card">
            <span class="value">1</span>
            <span class="cents">99</span>
            <span class="eur">€</span>
            <span class="unit-price">0.50 €/gab</span>
        </div>
                    <div class="t2">
                <span class="value">3,49</span>
                <span class="eur">€</span>
            </div>
            <div class="t3 with-unit-price">
                <span class="value">3</span>
                <span class="cents">49</span>
                <span class="eur">€</span>
                <span class="unit-price">0.87 €/gab</span>            </div>
            
    <span class="vline"></span>
</div>                    		
        
        
        <div class="tags tags_primary bottom_icons">
                                                            
                                <div data-alt="Atlaide ar PALDIES karti" class="tag tag-soap-2 " style="background-image: url('/uploads/sale/atlaide-ar-paldies-karti-7358.png');                     ">
                </div>
                                                                            
                                <div data-alt="CENU LĪDERI" class="tag tag-soap-29 " style="background-image: url('/uploads/sale/cenu-lideri-6010.png');                     ">
                </div>
                            
                    </div>
        <div class="tags tags_primary info_icon">
            
    <div data-alt="Preču piedāvājums atšķirīgs Maxima veikalos, ar aktuālo akcijas preču piedāvājumu aicinām iepazīties uz vietas veikalā!" class="tag i"></div>

        </div>

        <div class="info-notice">
            


                                                                            </div>

        <div class="img">
          <img alt="Vienr.skuvekļi BIC 3 SENSITIVE 4gab." src="/uploads/sale/2025/sales_page/10/31//vienr-skuvekli-bic-3-sensitive-4gab-00905-1031094021.png?1761896421">
        </div>
        <div class="text paldies-card      ">
            <div class="title">Vienr.skuvekļi BIC 3 SENSITIVE 4gab.</div>
            <div class="pack">
                <span class="ptitle"></span>
                <span class="price"> 0.87 €/gab</span>
            </div>
                    </div>
        <div class="infopop">
            <div class="in"><span></span>
                <div class="arrow_top"></div>
                <div class="arrow_bottom"></div>
            </div>
        </div>
    </div>
</div><div class="col-third offer-item">
    <div class="item bl_shadow product-237498 paldies-card  offer-2-l-sp-sku units-price        " data-product-id="237498" data-timeout="77" data-dates-interval="30.01.2025. - 29.04.2026." tabindex="0" role="button">
                                                    <div class="discount price with-unit-price ">
                                                                            <div class="paldies-card-icon with-unit-price">
                        <img src="/images/front/icons/paldies2-icon.png" alt="Paldies">
                    </div>
                                                                
                    <div class="t1 with-unit-price paldies-card">
            <span class="value">1</span>
            <span class="cents">99</span>
            <span class="eur">€</span>
            <span class="unit-price">0.40 €/gab</span>
        </div>
                    <div class="t2">
                <span class="value">3,39</span>
                <span class="eur">€</span>
            </div>
            <div class="t3 with-unit-price">
                <span class="value">3</span>
                <span class="cents">39</span>
                <span class="eur">€</span>
                <span class="unit-price">0.68 €/gab</span>            </div>
            
    <span class="vline"></span>
</div>                    		
        
        
        <div class="tags tags_primary bottom_icons">
                                                            
                                <div data-alt="Atlaide ar PALDIES karti" class="tag tag-soap-2 " style="background-image: url('/uploads/sale/atlaide-ar-paldies-karti-7358.png');                     ">
                </div>
                                                                            
                                <div data-alt="CENU LĪDERI" class="tag tag-soap-29 " style="background-image: url('/uploads/sale/cenu-lideri-6010.png');                     ">
                </div>
                            
                    </div>
        <div class="tags tags_primary info_icon">
            
    <div data-alt="Preču piedāvājums atšķirīgs Maxima veikalos, ar aktuālo akcijas preču piedāvājumu aicinām iepazīties uz vietas veikalā!" class="tag i"></div>

        </div>

        <div class="info-notice">
            


                                                                            </div>

        <div class="img">
          <img alt="Vienr.skuvekļi BIC Twin Lady 5gab." src="/uploads/sale/2025/sales_page/10/29//vienr-skuvekli-bic-twin-lady-5gab-00906-1029180622.png?1761753982">
        </div>
        <div class="text paldies-card      ">
            <div class="title">Vienr.skuvekļi BIC Twin Lady 5gab.</div>
            <div class="pack">
                <span class="ptitle"></span>
                <span class="price"> 0.68 €/gab</span>
            </div>
                    </div>
        <div class="infopop">
            <div class="in"><span></span>
                <div class="arrow_top"></div>
                <div class="arrow_bottom"></div>
            </div>
        </div>
    </div>
</div><div class="col-third offer-item">
    <div class="item bl_shadow product-237500 paldies-card  offer-2-l-sp-sku units-price        " data-product-id="237500" data-timeout="77" data-dates-interval="30.01.2024. - 29.04.2026." tabindex="0" role="button">
                                                    <div class="discount price with-unit-price ">
                                                                            <div class="paldies-card-icon with-unit-price">
                        <img src="/images/front/icons/paldies2-icon.png" alt="Paldies">
                    </div>
                                                                
                    <div class="t1 with-unit-price paldies-card">
            <span class="value">2</span>
            <span class="cents">79</span>
            <span class="eur">€</span>
            <span class="unit-price">55.80 €/l</span>
        </div>
                    <div class="t2">
                <span class="value">2,99</span>
                <span class="eur">€</span>
            </div>
            <div class="t3 with-unit-price">
                <span class="value">2</span>
                <span class="cents">99</span>
                <span class="eur">€</span>
                <span class="unit-price">59.80 €/l</span>            </div>
            
    <span class="vline"></span>
</div>                    		
        
        
        <div class="tags tags_primary bottom_icons">
                                                            
                                <div data-alt="Atlaide ar PALDIES karti" class="tag tag-soap-2 " style="background-image: url('/uploads/sale/atlaide-ar-paldies-karti-7358.png');                     ">
                </div>
                                                                            
                                <div data-alt="CENU LĪDERI" class="tag tag-soap-29 " style="background-image: url('/uploads/sale/cenu-lideri-6010.png');                     ">
                </div>
                            
                    </div>
        <div class="tags tags_primary info_icon">
            
    <div data-alt="Preču piedāvājums atšķirīgs Maxima veikalos, ar aktuālo akcijas preču piedāvājumu aicinām iepazīties uz vietas veikalā!" class="tag i"></div>

        </div>

        <div class="info-notice">
            


                                                                            </div>

        <div class="img">
          <img alt="Dezod.NIVEA PEARL&amp;BEAUTY rull.siev.50ml" src="/uploads/sale/2025/sales_page/10/29//dezod-nivea-pearl-beauty-rull-siev-50ml-00908-0210091518.png?1770707718">
        </div>
        <div class="text paldies-card      ">
            <div class="title">Dezod.NIVEA PEARL&amp;BEAUTY rull.siev.50ml</div>
            <div class="pack">
                <span class="ptitle"></span>
                <span class="price"> 59.80 €/l</span>
            </div>
                    </div>
        <div class="infopop">
            <div class="in"><span></span>
                <div class="arrow_top"></div>
                <div class="arrow_bottom"></div>
            </div>
        </div>
    </div>
</div><div class="col-third offer-item">
    <div class="item bl_shadow product-237576 paldies-card  offer-2-l-sp-sku units-price        " data-product-id="237576" data-timeout="77" data-dates-interval="30.10.2025. - 29.04.2026." tabindex="0" role="button">
                                                    <div class="discount price with-unit-price ">
                                                                            <div class="paldies-card-icon with-unit-price">
                        <img src="/images/front/icons/paldies2-icon.png" alt="Paldies">
                    </div>
                                                                
                    <div class="t1 with-unit-price paldies-card">
            <span class="value">2</span>
            <span class="cents">99</span>
            <span class="eur">€</span>
            <span class="unit-price">0.15 €/gab</span>
        </div>
                    <div class="t2">
                <span class="value">4,69</span>
                <span class="eur">€</span>
            </div>
            <div class="t3 with-unit-price">
                <span class="value">4</span>
                <span class="cents">69</span>
                <span class="eur">€</span>
                <span class="unit-price">0.23 €/gab</span>            </div>
            
    <span class="vline"></span>
</div>                    		
        
        
        <div class="tags tags_primary bottom_icons">
                                                            
                                <div data-alt="Atlaide ar PALDIES karti" class="tag tag-soap-2 " style="background-image: url('/uploads/sale/atlaide-ar-paldies-karti-7358.png');                     ">
                </div>
                                                                            
                                <div data-alt="CENU LĪDERI" class="tag tag-soap-29 " style="background-image: url('/uploads/sale/cenu-lideri-6010.png');                     ">
                </div>
                            
                    </div>
        <div class="tags tags_primary info_icon">
            
    <div data-alt="Preču piedāvājums atšķirīgs Maxima veikalos, ar aktuālo akcijas preču piedāvājumu aicinām iepazīties uz vietas veikalā!" class="tag i"></div>

        </div>

        <div class="info-notice">
            


                                                                            </div>

        <div class="img">
          <img alt="Hig.paketes NATURELLA ULTRA NOR.+ 20gab." src="/uploads/sale/2025/sales_page/10/31//hig-paketes-naturella-ultra-nor-20gab-00909-1031094021.png?1761896421">
        </div>
        <div class="text paldies-card      ">
            <div class="title">Hig.paketes NATURELLA ULTRA NOR.+ 20gab.</div>
            <div class="pack">
                <span class="ptitle"></span>
                <span class="price"> 0.23 €/gab</span>
            </div>
                    </div>
        <div class="infopop">
            <div class="in"><span></span>
                <div class="arrow_top"></div>
                <div class="arrow_bottom"></div>
            </div>
        </div>
    </div>
</div><div class="col-third offer-item">
    <div class="item bl_shadow product-237490 paldies-card  offer-2-l-sp-sku units-price        " data-product-id="237490" data-timeout="77" data-dates-interval="30.01.2024. - 29.04.2026." tabindex="0" role="button">
                                                    <div class="discount price with-unit-price ">
                                                                            <div class="paldies-card-icon with-unit-price">
                        <img src="/images/front/icons/paldies2-icon.png" alt="Paldies">
                    </div>
                                                                
                    <div class="t1 with-unit-price paldies-card">
            <span class="value">2</span>
            <span class="cents">49</span>
            <span class="eur">€</span>
            <span class="unit-price">33.20 €/l</span>
        </div>
                    <div class="t2">
                <span class="value">4,29</span>
                <span class="eur">€</span>
            </div>
            <div class="t3 with-unit-price">
                <span class="value">4</span>
                <span class="cents">29</span>
                <span class="eur">€</span>
                <span class="unit-price">57.20 €/l</span>            </div>
            
    <span class="vline"></span>
</div>                    		
        
        
        <div class="tags tags_primary bottom_icons">
                                                            
                                <div data-alt="Atlaide ar PALDIES karti" class="tag tag-soap-2 " style="background-image: url('/uploads/sale/atlaide-ar-paldies-karti-7358.png');                     ">
                </div>
                                                                            
                                <div data-alt="CENU LĪDERI" class="tag tag-soap-29 " style="background-image: url('/uploads/sale/cenu-lideri-6010.png');                     ">
                </div>
                            
                    </div>
        <div class="tags tags_primary info_icon">
            
    <div data-alt="Preču piedāvājums atšķirīgs Maxima veikalos, ar aktuālo akcijas preču piedāvājumu aicinām iepazīties uz vietas veikalā!" class="tag i"></div>

        </div>

        <div class="info-notice">
            


                                                                            </div>

        <div class="img">
          <img alt="Ķerm.krēms NIVEA Soft intens.mitrin.75ml" src="/uploads/sale/2025/sales_page/10/29//kerm-krems-nivea-soft-intens-mitrin-75ml-00890-1029180617.png?1761753977">
        </div>
        <div class="text paldies-card      ">
            <div class="title">Ķerm.krēms NIVEA Soft intens.mitrin.75ml</div>
            <div class="pack">
                <span class="ptitle"></span>
                <span class="price"> 57.20 €/l</span>
            </div>
                    </div>
        <div class="infopop">
            <div class="in"><span></span>
                <div class="arrow_top"></div>
                <div class="arrow_bottom"></div>
            </div>
        </div>
    </div>
</div><div class="col-third offer-item">
    <div class="item bl_shadow product-237491 paldies-card  offer-2-l-sp-sku units-price        " data-product-id="237491" data-timeout="77" data-dates-interval="16.03.2023. - 29.04.2026." tabindex="0" role="button">
                                                    <div class="discount price with-unit-price ">
                                                                            <div class="paldies-card-icon with-unit-price">
                        <img src="/images/front/icons/paldies2-icon.png" alt="Paldies">
                    </div>
                                                                
                    <div class="t1 with-unit-price paldies-card">
            <span class="value">3</span>
            <span class="cents">59</span>
            <span class="eur">€</span>
            <span class="unit-price">1.80 €/gab</span>
        </div>
                    <div class="t2">
                <span class="value">5,49</span>
                <span class="eur">€</span>
            </div>
            <div class="t3 with-unit-price">
                <span class="value">5</span>
                <span class="cents">49</span>
                <span class="eur">€</span>
                <span class="unit-price">2.75 €/gab</span>            </div>
            
    <span class="vline"></span>
</div>                    		
        
        
        <div class="tags tags_primary bottom_icons">
                                                            
                                <div data-alt="Atlaide ar PALDIES karti" class="tag tag-soap-2 " style="background-image: url('/uploads/sale/atlaide-ar-paldies-karti-7358.png');                     ">
                </div>
                                                                            
                                <div data-alt="CENU LĪDERI" class="tag tag-soap-29 " style="background-image: url('/uploads/sale/cenu-lideri-6010.png');                     ">
                </div>
                            
                    </div>
        <div class="tags tags_primary info_icon">
            
    <div data-alt="Preču piedāvājums atšķirīgs Maxima veikalos, ar aktuālo akcijas preču piedāvājumu aicinām iepazīties uz vietas veikalā!" class="tag i"></div>

        </div>

        <div class="info-notice">
            


                                                                            </div>

        <div class="img">
          <img alt="Papīra dvieļi ZEWA W&amp;W Design 2 ruļļi" src="/uploads/sale/2025/sales_page/10/29//papira-dvieli-zewa-w-w-design-2-rulli-00891-0210093518.png?1770708918">
        </div>
        <div class="text paldies-card      ">
            <div class="title">Papīra dvieļi ZEWA W&amp;W Design 2 ruļļi</div>
            <div class="pack">
                <span class="ptitle"></span>
                <span class="price"> 2.75 €/gab</span>
            </div>
                    </div>
        <div class="infopop">
            <div class="in"><span></span>
                <div class="arrow_top"></div>
                <div class="arrow_bottom"></div>
            </div>
        </div>
    </div>
</div><div class="col-third offer-item">
    <div class="item bl_shadow product-237626 paldies-card  offer-2-l-sp-sku units-price        " data-product-id="237626" data-timeout="77" data-dates-interval="30.10.2025. - 29.04.2026." tabindex="0" role="button">
                                                    <div class="discount price with-unit-price ">
                                                                            <div class="paldies-card-icon with-unit-price">
                        <img src="/images/front/icons/paldies2-icon.png" alt="Paldies">
                    </div>
                                                                
                    <div class="t1 with-unit-price paldies-card">
            <span class="value">3</span>
            <span class="cents">79</span>
            <span class="eur">€</span>
            <span class="unit-price">18.95 €/l</span>
        </div>
                    <div class="t2">
                <span class="value">6,29</span>
                <span class="eur">€</span>
            </div>
            <div class="t3 with-unit-price">
                <span class="value">6</span>
                <span class="cents">29</span>
                <span class="eur">€</span>
                <span class="unit-price">31.45 €/l</span>            </div>
            
    <span class="vline"></span>
</div>                    		
        
        
        <div class="tags tags_primary bottom_icons">
                                                            
                                <div data-alt="Atlaide ar PALDIES karti" class="tag tag-soap-2 " style="background-image: url('/uploads/sale/atlaide-ar-paldies-karti-7358.png');                     ">
                </div>
                                                                            
                                <div data-alt="CENU LĪDERI" class="tag tag-soap-29 " style="background-image: url('/uploads/sale/cenu-lideri-6010.png');                     ">
                </div>
                            
                    </div>
        <div class="tags tags_primary info_icon">
            
    <div data-alt="Preču piedāvājums atšķirīgs Maxima veikalos, ar aktuālo akcijas preču piedāvājumu aicinām iepazīties uz vietas veikalā!" class="tag i"></div>

        </div>

        <div class="info-notice">
            


                                                                            </div>

        <div class="img">
          <img alt="Skūšanās žel.GILLETTE SENSITIVE 200ml" src="/uploads/sale/2025/sales_page/10/31//skusanas-zel-gillette-sensitive-200ml-00892-1031094030.png?1761896430">
        </div>
        <div class="text paldies-card      ">
            <div class="title">Skūšanās žel.GILLETTE SENSITIVE 200ml</div>
            <div class="pack">
                <span class="ptitle"></span>
                <span class="price"> 31.45 €/l</span>
            </div>
                    </div>
        <div class="infopop">
            <div class="in"><span></span>
                <div class="arrow_top"></div>
                <div class="arrow_bottom"></div>
            </div>
        </div>
    </div>
</div><div class="col-third offer-item">
    <div class="item bl_shadow product-237627 paldies-card  offer-2-l-sp-sku units-price        " data-product-id="237627" data-timeout="77" data-dates-interval="30.10.2025. - 29.04.2026." tabindex="0" role="button">
                                                    <div class="discount price with-unit-price ">
                                                                            <div class="paldies-card-icon with-unit-price">
                        <img src="/images/front/icons/paldies2-icon.png" alt="Paldies">
                    </div>
                                                                                                                                
                    <div class="t1 with-unit-price paldies-card">
            <span class="value">1</span>
            <span class="cents">99</span>
            <span class="eur">€</span>
            <span class="unit-price">1.99 €/gab</span>
        </div>
                    <div class="t2">
                <span class="value">3,39</span>
                <span class="eur">€</span>
            </div>
            <div class="t3 with-unit-price">
                <span class="value">3</span>
                <span class="cents">39</span>
                <span class="eur">€</span>
                <span class="unit-price">3.39 €/gab</span>            </div>
            
    <span class="vline"></span>
</div>                    		
        
        
        <div class="tags tags_primary bottom_icons">
                                                            
                                <div data-alt="Atlaide ar PALDIES karti" class="tag tag-soap-2 " style="background-image: url('/uploads/sale/atlaide-ar-paldies-karti-7358.png');                     ">
                </div>
                                                                            
                                <div data-alt="Prece pieejama MAXIMA XX veikalos" class="tag tag-soap-3 tag-shops" style="background-image: url('/uploads/sale/piedavajums-speka-maxima-xx-veikalos-6057.png');                     ">
                </div>
                                                                            
                                <div data-alt="Prece pieejama MAXIMA XXX veikalos" class="tag tag-soap-4 tag-shops" style="background-image: url('/uploads/sale/piedavajums-speka-maxima-xxx-veikalos-3117.png');                     ">
                </div>
                                                                            
                                <div data-alt="CENU LĪDERI" class="tag tag-soap-29 " style="background-image: url('/uploads/sale/cenu-lideri-6010.png');                     ">
                </div>
                            
                    </div>
        <div class="tags tags_primary info_icon">
            
    <div data-alt="Preču piedāvājums atšķirīgs Maxima veikalos, ar aktuālo akcijas preču piedāvājumu aicinām iepazīties uz vietas veikalā!" class="tag i"></div>

        </div>

        <div class="info-notice">
            


                                                                                                                                    </div>

        <div class="img">
          <img alt="Zobu birste ORAL-B STAGES3 SOFT bērniem" src="/uploads/sale/2025/sales_page/10/31//zobu-birste-oral-b-stages3-soft-berniem-00893-1031094030.png?1761896430">
        </div>
        <div class="text paldies-card      ">
            <div class="title">Zobu birste ORAL-B STAGES3 SOFT bērniem</div>
            <div class="pack">
                <span class="ptitle"></span>
                <span class="price"> 3.39 €/gab</span>
            </div>
                    </div>
        <div class="infopop">
            <div class="in"><span></span>
                <div class="arrow_top"></div>
                <div class="arrow_bottom"></div>
            </div>
        </div>
    </div>
</div><div class="col-third offer-item">
    <div class="item bl_shadow product-237629 paldies-card  offer-2-l-sp-sku units-price        " data-product-id="237629" data-timeout="77" data-dates-interval="30.10.2025. - 29.04.2026." tabindex="0" role="button">
                                                    <div class="discount price with-unit-price ">
                                                                            <div class="paldies-card-icon with-unit-price">
                        <img src="/images/front/icons/paldies2-icon.png" alt="Paldies">
                    </div>
                                                                                                                                
                    <div class="t1 with-unit-price paldies-card">
            <span class="value">5</span>
            <span class="cents">99</span>
            <span class="eur">€</span>
            <span class="unit-price">23.96 €/l</span>
        </div>
                    <div class="t2">
                <span class="value">8,59</span>
                <span class="eur">€</span>
            </div>
            <div class="t3 with-unit-price">
                <span class="value">8</span>
                <span class="cents">59</span>
                <span class="eur">€</span>
                <span class="unit-price">34.36 €/l</span>            </div>
            
    <span class="vline"></span>
</div>                    		
        
        
        <div class="tags tags_primary bottom_icons">
                                                            
                                <div data-alt="Atlaide ar PALDIES karti" class="tag tag-soap-2 " style="background-image: url('/uploads/sale/atlaide-ar-paldies-karti-7358.png');                     ">
                </div>
                                                                            
                                <div data-alt="Prece pieejama MAXIMA XX veikalos" class="tag tag-soap-3 tag-shops" style="background-image: url('/uploads/sale/piedavajums-speka-maxima-xx-veikalos-6057.png');                     ">
                </div>
                                                                            
                                <div data-alt="Prece pieejama MAXIMA XXX veikalos" class="tag tag-soap-4 tag-shops" style="background-image: url('/uploads/sale/piedavajums-speka-maxima-xxx-veikalos-3117.png');                     ">
                </div>
                                                                            
                                <div data-alt="CENU LĪDERI" class="tag tag-soap-29 " style="background-image: url('/uploads/sale/cenu-lideri-6010.png');                     ">
                </div>
                            
                    </div>
        <div class="tags tags_primary info_icon">
            
    <div data-alt="Preču piedāvājums atšķirīgs Maxima veikalos, ar aktuālo akcijas preču piedāvājumu aicinām iepazīties uz vietas veikalā!" class="tag i"></div>

        </div>

        <div class="info-notice">
            


                                                                                                                                    </div>

        <div class="img">
          <img alt="Gaisa ats.rez.AIRWICK FM Orange fl.250ml" src="/uploads/sale/2025/sales_page/10/31//gaisa-ats-rez-airwick-fm-orange-fl-250ml-00898-1031094030.png?1761896430">
        </div>
        <div class="text paldies-card      ">
            <div class="title">Gaisa ats.rez.AIRWICK FM Orange fl.250ml</div>
            <div class="pack">
                <span class="ptitle"></span>
                <span class="price"> 34.36 €/l</span>
            </div>
                    </div>
        <div class="infopop">
            <div class="in"><span></span>
                <div class="arrow_top"></div>
                <div class="arrow_bottom"></div>
            </div>
        </div>
    </div>
</div><div class="col-third offer-item">
    <div class="item bl_shadow product-237630 paldies-card  offer-2-l-sp-sku units-price        " data-product-id="237630" data-timeout="77" data-dates-interval="30.10.2025. - 29.04.2026." tabindex="0" role="button">
                                                    <div class="discount price with-unit-price ">
                                                                            <div class="paldies-card-icon with-unit-price">
                        <img src="/images/front/icons/paldies2-icon.png" alt="Paldies">
                    </div>
                                                                                                
                    <div class="t1 with-unit-price paldies-card">
            <span class="value">5</span>
            <span class="cents">99</span>
            <span class="eur">€</span>
            <span class="unit-price">23.96 €/l</span>
        </div>
                    <div class="t2">
                <span class="value">8,59</span>
                <span class="eur">€</span>
            </div>
            <div class="t3 with-unit-price">
                <span class="value">8</span>
                <span class="cents">59</span>
                <span class="eur">€</span>
                <span class="unit-price">34.36 €/l</span>            </div>
            
    <span class="vline"></span>
</div>                    		
        
        
        <div class="tags tags_primary bottom_icons">
                                                            
                                <div data-alt="Atlaide ar PALDIES karti" class="tag tag-soap-2 " style="background-image: url('/uploads/sale/atlaide-ar-paldies-karti-7358.png');                     ">
                </div>
                                                                            
                                <div data-alt="Prece pieejama MAXIMA XXX veikalos" class="tag tag-soap-4 tag-shops" style="background-image: url('/uploads/sale/piedavajums-speka-maxima-xxx-veikalos-3117.png');                     ">
                </div>
                                                                            
                                <div data-alt="CENU LĪDERI" class="tag tag-soap-29 " style="background-image: url('/uploads/sale/cenu-lideri-6010.png');                     ">
                </div>
                            
                    </div>
        <div class="tags tags_primary info_icon">
            
    <div data-alt="Preču piedāvājums atšķirīgs Maxima veikalos, ar aktuālo akcijas preču piedāvājumu aicinām iepazīties uz vietas veikalā!" class="tag i"></div>

        </div>

        <div class="info-notice">
            


                                                                                                        </div>

        <div class="img">
          <img alt="Gaisa ats.rez.AIRWICK FM White fl. 250ml" src="/uploads/sale/2025/sales_page/10/31//gaisa-ats-rez-airwick-fm-white-fl-250ml-00899-1031094030.png?1761896430">
        </div>
        <div class="text paldies-card      ">
            <div class="title">Gaisa ats.rez.AIRWICK FM White fl. 250ml</div>
            <div class="pack">
                <span class="ptitle"></span>
                <span class="price"> 34.36 €/l</span>
            </div>
                    </div>
        <div class="infopop">
            <div class="in"><span></span>
                <div class="arrow_top"></div>
                <div class="arrow_bottom"></div>
            </div>
        </div>
    </div>
</div><div class="col-third offer-item">
    <div class="item bl_shadow product-237495 paldies-card  offer-2-l-sp-sku units-price        " data-product-id="237495" data-timeout="77" data-dates-interval="30.07.2024. - 29.04.2026." tabindex="0" role="button">
                                                    <div class="discount price with-unit-price ">
                                                                            <div class="paldies-card-icon with-unit-price">
                        <img src="/images/front/icons/paldies2-icon.png" alt="Paldies">
                    </div>
                                                                                                                                
                    <div class="t1 with-unit-price paldies-card">
            <span class="value">1</span>
            <span class="cents">39</span>
            <span class="eur">€</span>
            <span class="unit-price">2.78 €/l</span>
        </div>
                    <div class="t2">
                <span class="value">1,89</span>
                <span class="eur">€</span>
            </div>
            <div class="t3 with-unit-price">
                <span class="value">1</span>
                <span class="cents">89</span>
                <span class="eur">€</span>
                <span class="unit-price">3.78 €/l</span>            </div>
            
    <span class="vline"></span>
</div>                    		
        
        
        <div class="tags tags_primary bottom_icons">
                                                            
                                <div data-alt="Atlaide ar PALDIES karti" class="tag tag-soap-2 " style="background-image: url('/uploads/sale/atlaide-ar-paldies-karti-7358.png');                     ">
                </div>
                                                                            
                                <div data-alt="Prece pieejama MAXIMA XX veikalos" class="tag tag-soap-3 tag-shops" style="background-image: url('/uploads/sale/piedavajums-speka-maxima-xx-veikalos-6057.png');                     ">
                </div>
                                                                            
                                <div data-alt="Prece pieejama MAXIMA XXX veikalos" class="tag tag-soap-4 tag-shops" style="background-image: url('/uploads/sale/piedavajums-speka-maxima-xxx-veikalos-3117.png');                     ">
                </div>
                                                                            
                                <div data-alt="CENU LĪDERI" class="tag tag-soap-29 " style="background-image: url('/uploads/sale/cenu-lideri-6010.png');                     ">
                </div>
                            
                    </div>
        <div class="tags tags_primary info_icon">
            
    <div data-alt="Preču piedāvājums atšķirīgs Maxima veikalos, ar aktuālo akcijas preču piedāvājumu aicinām iepazīties uz vietas veikalā!" class="tag i"></div>

        </div>

        <div class="info-notice">
            


                                                                                                                                    </div>

        <div class="img">
          <img alt="Trauku mazg.līdz.MAYERI Sensitive 500ml" src="/uploads/sale/2025/sales_page/10/29//trauku-mazg-lidz-mayeri-sensitive-500ml-00900-1029180147.png?1761753707">
        </div>
        <div class="text paldies-card      ">
            <div class="title">Trauku mazg.līdz.MAYERI Sensitive 500ml</div>
            <div class="pack">
                <span class="ptitle"></span>
                <span class="price"> 3.78 €/l</span>
            </div>
                    </div>
        <div class="infopop">
            <div class="in"><span></span>
                <div class="arrow_top"></div>
                <div class="arrow_bottom"></div>
            </div>
        </div>
    </div>
</div><div class="col-third offer-item">
    <div class="item bl_shadow product-237573 paldies-card  offer-2-l-sp-sku units-price        " data-product-id="237573" data-timeout="77" data-dates-interval="30.10.2025. - 29.04.2026." tabindex="0" role="button">
                                                    <div class="discount price with-unit-price ">
                                                                            <div class="paldies-card-icon with-unit-price">
                        <img src="/images/front/icons/paldies2-icon.png" alt="Paldies">
                    </div>
                                                                
                    <div class="t1 with-unit-price paldies-card">
            <span class="value">2</span>
            <span class="cents">29</span>
            <span class="eur">€</span>
            <span class="unit-price">477.08 €/kg</span>
        </div>
                    <div class="t2">
                <span class="value">3,89</span>
                <span class="eur">€</span>
            </div>
            <div class="t3 with-unit-price">
                <span class="value">3</span>
                <span class="cents">89</span>
                <span class="eur">€</span>
                <span class="unit-price">810.42 €/kg</span>            </div>
            
    <span class="vline"></span>
</div>                    		
        
        
        <div class="tags tags_primary bottom_icons">
                                                            
                                <div data-alt="Atlaide ar PALDIES karti" class="tag tag-soap-2 " style="background-image: url('/uploads/sale/atlaide-ar-paldies-karti-7358.png');                     ">
                </div>
                                                                            
                                <div data-alt="CENU LĪDERI" class="tag tag-soap-29 " style="background-image: url('/uploads/sale/cenu-lideri-6010.png');                     ">
                </div>
                            
                    </div>
        <div class="tags tags_primary info_icon">
            
    <div data-alt="Preču piedāvājums atšķirīgs Maxima veikalos, ar aktuālo akcijas preču piedāvājumu aicinām iepazīties uz vietas veikalā!" class="tag i"></div>

        </div>

        <div class="info-notice">
            


                                                                            </div>

        <div class="img">
          <img alt="Lūpu balzams NIVEA ESSENTIAL 4,8g" src="/uploads/sale/2025/sales_page/10/31//lupu-balzams-nivea-essential-4-8g-00901-0210090017.png?1770706817">
        </div>
        <div class="text paldies-card      ">
            <div class="title">Lūpu balzams NIVEA ESSENTIAL 4,8g</div>
            <div class="pack">
                <span class="ptitle"></span>
                <span class="price"> 810.42 €/kg</span>
            </div>
                    </div>
        <div class="infopop">
            <div class="in"><span></span>
                <div class="arrow_top"></div>
                <div class="arrow_bottom"></div>
            </div>
        </div>
    </div>
</div><div class="col-third offer-item">
    <div class="item bl_shadow product-237496 paldies-card  offer-2-l-sp-sku units-price        " data-product-id="237496" data-timeout="77" data-dates-interval="30.10.2025. - 29.04.2026." tabindex="0" role="button">
                                                    <div class="discount price with-unit-price ">
                                                                            <div class="paldies-card-icon with-unit-price">
                        <img src="/images/front/icons/paldies2-icon.png" alt="Paldies">
                    </div>
                                                                                                                                
                    <div class="t1 with-unit-price paldies-card">
            <span class="value">3</span>
            <span class="cents">99</span>
            <span class="eur">€</span>
            <span class="unit-price">5.32 €/l</span>
        </div>
                    <div class="t2">
                <span class="value">6,69</span>
                <span class="eur">€</span>
            </div>
            <div class="t3 with-unit-price">
                <span class="value">6</span>
                <span class="cents">69</span>
                <span class="eur">€</span>
                <span class="unit-price">8.92 €/l</span>            </div>
            
    <span class="vline"></span>
</div>                    		
        
        
        <div class="tags tags_primary bottom_icons">
                                                            
                                <div data-alt="Atlaide ar PALDIES karti" class="tag tag-soap-2 " style="background-image: url('/uploads/sale/atlaide-ar-paldies-karti-7358.png');                     ">
                </div>
                                                                            
                                <div data-alt="Prece pieejama MAXIMA XX veikalos" class="tag tag-soap-3 tag-shops" style="background-image: url('/uploads/sale/piedavajums-speka-maxima-xx-veikalos-6057.png');                     ">
                </div>
                                                                            
                                <div data-alt="Prece pieejama MAXIMA XXX veikalos" class="tag tag-soap-4 tag-shops" style="background-image: url('/uploads/sale/piedavajums-speka-maxima-xxx-veikalos-3117.png');                     ">
                </div>
                                                                            
                                <div data-alt="CENU LĪDERI" class="tag tag-soap-29 " style="background-image: url('/uploads/sale/cenu-lideri-6010.png');                     ">
                </div>
                            
                    </div>
        <div class="tags tags_primary info_icon">
            
    <div data-alt="Preču piedāvājums atšķirīgs Maxima veikalos, ar aktuālo akcijas preču piedāvājumu aicinām iepazīties uz vietas veikalā!" class="tag i"></div>

        </div>

        <div class="info-notice">
            


                                                                                                                                    </div>

        <div class="img">
          <img alt="Tīr.līdz. SANO Forte Plus plītij 750ml" src="/uploads/sale/2025/sales_page/10/29//tir-lidz-sano-forte-plus-plitij-750ml-00902-1029180617.png?1761753977">
        </div>
        <div class="text paldies-card      ">
            <div class="title">Tīr.līdz. SANO Forte Plus plītij 750ml</div>
            <div class="pack">
                <span class="ptitle"></span>
                <span class="price"> 8.92 €/l</span>
            </div>
                    </div>
        <div class="infopop">
            <div class="in"><span></span>
                <div class="arrow_top"></div>
                <div class="arrow_bottom"></div>
            </div>
        </div>
    </div>
</div><div class="col-third offer-item">
    <div class="item bl_shadow product-237497 paldies-card  offer-2-l-sp-sku units-price        " data-product-id="237497" data-timeout="77" data-dates-interval="20.06.2023. - 29.04.2026." tabindex="0" role="button">
                                                    <div class="discount price with-unit-price ">
                                                                            <div class="paldies-card-icon with-unit-price">
                        <img src="/images/front/icons/paldies2-icon.png" alt="Paldies">
                    </div>
                                                                
                    <div class="t1 with-unit-price paldies-card">
            <span class="value">3</span>
            <span class="cents">99</span>
            <span class="eur">€</span>
            <span class="unit-price">0.25 €/gab</span>
        </div>
                    <div class="t2">
                <span class="value">5,69</span>
                <span class="eur">€</span>
            </div>
            <div class="t3 with-unit-price">
                <span class="value">5</span>
                <span class="cents">69</span>
                <span class="eur">€</span>
                <span class="unit-price">0.36 €/gab</span>            </div>
            
    <span class="vline"></span>
</div>                    		
        
        
        <div class="tags tags_primary bottom_icons">
                                                            
                                <div data-alt="Atlaide ar PALDIES karti" class="tag tag-soap-2 " style="background-image: url('/uploads/sale/atlaide-ar-paldies-karti-7358.png');                     ">
                </div>
                                                                            
                                <div data-alt="CENU LĪDERI" class="tag tag-soap-29 " style="background-image: url('/uploads/sale/cenu-lideri-6010.png');                     ">
                </div>
                            
                    </div>
        <div class="tags tags_primary info_icon">
            
    <div data-alt="Preču piedāvājums atšķirīgs Maxima veikalos, ar aktuālo akcijas preču piedāvājumu aicinām iepazīties uz vietas veikalā!" class="tag i"></div>

        </div>

        <div class="info-notice">
            


                                                                            </div>

        <div class="img">
          <img alt="Hig.tamponi TAMPAX COMPAK SUPER 16gab." src="/uploads/sale/2025/sales_page/10/29//hig-tamponi-tampax-compak-super-16gab-00903-1029180622.png?1761753982">
        </div>
        <div class="text paldies-card      ">
            <div class="title">Hig.tamponi TAMPAX COMPAK SUPER 16gab.</div>
            <div class="pack">
                <span class="ptitle"></span>
                <span class="price"> 0.36 €/gab</span>
            </div>
                    </div>
        <div class="infopop">
            <div class="in"><span></span>
                <div class="arrow_top"></div>
                <div class="arrow_bottom"></div>
            </div>
        </div>
    </div>
</div><div class="col-third offer-item">
    <div class="item bl_shadow product-237574 paldies-card  offer-2-l-sp-sku units-price        " data-product-id="237574" data-timeout="77" data-dates-interval="30.10.2025. - 29.04.2026." tabindex="0" role="button">
                                                    <div class="discount price with-unit-price ">
                                                                            <div class="paldies-card-icon with-unit-price">
                        <img src="/images/front/icons/paldies2-icon.png" alt="Paldies">
                    </div>
                                                                                                
                    <div class="t1 with-unit-price paldies-card">
            <span class="value">1</span>
            <span class="cents">99</span>
            <span class="eur">€</span>
            <span class="unit-price">1.99 €/gab</span>
        </div>
                    <div class="t2">
                <span class="value">3,29</span>
                <span class="eur">€</span>
            </div>
            <div class="t3 with-unit-price">
                <span class="value">3</span>
                <span class="cents">29</span>
                <span class="eur">€</span>
                <span class="unit-price">3.29 €/gab</span>            </div>
            
    <span class="vline"></span>
</div>                    		
        
        
        <div class="tags tags_primary bottom_icons">
                                                            
                                <div data-alt="Atlaide ar PALDIES karti" class="tag tag-soap-2 " style="background-image: url('/uploads/sale/atlaide-ar-paldies-karti-7358.png');                     ">
                </div>
                                                                            
                                <div data-alt="Mazuļu klubs" class="tag tag-soap-8 " style="background-image: url('/uploads/sale/mazulu-klubs-3549.png');                     ">
                </div>
                                                                            
                                <div data-alt="CENU LĪDERI" class="tag tag-soap-29 " style="background-image: url('/uploads/sale/cenu-lideri-6010.png');                     ">
                </div>
                            
                    </div>
        <div class="tags tags_primary info_icon">
            
    <div data-alt="Preču piedāvājums atšķirīgs Maxima veikalos, ar aktuālo akcijas preču piedāvājumu aicinām iepazīties uz vietas veikalā!" class="tag i"></div>

        </div>

        <div class="info-notice">
            


                                                                                                        </div>

        <div class="img">
          <img alt="Zobu birste JORDAN STEP1 0–2gadiem" src="/uploads/sale/2025/sales_page/10/31//zobu-birste-jordan-step1-0-2gadiem-00904-1031094021.png?1761896421">
        </div>
        <div class="text paldies-card      ">
            <div class="title">Zobu birste JORDAN STEP1 0–2gadiem</div>
            <div class="pack">
                <span class="ptitle"></span>
                <span class="price"> 3.29 €/gab</span>
            </div>
                    </div>
        <div class="infopop">
            <div class="in"><span></span>
                <div class="arrow_top"></div>
                <div class="arrow_bottom"></div>
            </div>
        </div>
    </div>
</div><div class="col-third offer-item">
    <div class="item bl_shadow product-237575 paldies-card  offer-2-l-sp-sku units-price        " data-product-id="237575" data-timeout="77" data-dates-interval="30.10.2025. - 29.04.2026." tabindex="0" role="button">
                                                    <div class="discount price with-unit-price ">
                                                                            <div class="paldies-card-icon with-unit-price">
                        <img src="/images/front/icons/paldies2-icon.png" alt="Paldies">
                    </div>
                                                                
                    <div class="t1 with-unit-price paldies-card">
            <span class="value">1</span>
            <span class="cents">99</span>
            <span class="eur">€</span>
            <span class="unit-price">0.50 €/gab</span>
        </div>
                    <div class="t2">
                <span class="value">3,49</span>
                <span class="eur">€</span>
            </div>
            <div class="t3 with-unit-price">
                <span class="value">3</span>
                <span class="cents">49</span>
                <span class="eur">€</span>
                <span class="unit-price">0.87 €/gab</span>            </div>
            
    <span class="vline"></span>
</div>                    		
        
        
        <div class="tags tags_primary bottom_icons">
                                                            
                                <div data-alt="Atlaide ar PALDIES karti" class="tag tag-soap-2 " style="background-image: url('/uploads/sale/atlaide-ar-paldies-karti-7358.png');                     ">
                </div>
                                                                            
                                <div data-alt="CENU LĪDERI" class="tag tag-soap-29 " style="background-image: url('/uploads/sale/cenu-lideri-6010.png');                     ">
                </div>
                            
                    </div>
        <div class="tags tags_primary info_icon">
            
    <div data-alt="Preču piedāvājums atšķirīgs Maxima veikalos, ar aktuālo akcijas preču piedāvājumu aicinām iepazīties uz vietas veikalā!" class="tag i"></div>

        </div>

        <div class="info-notice">
            


                                                                            </div>

        <div class="img">
          <img alt="Vienr.skuvekļi BIC 3 SENSITIVE 4gab." src="/uploads/sale/2025/sales_page/10/31//vienr-skuvekli-bic-3-sensitive-4gab-00905-1031094021.png?1761896421">
        </div>
        <div class="text paldies-card      ">
            <div class="title">Vienr.skuvekļi BIC 3 SENSITIVE 4gab.</div>
            <div class="pack">
                <span class="ptitle"></span>
                <span class="price"> 0.87 €/gab</span>
            </div>
                    </div>
        <div class="infopop">
            <div class="in"><span></span>
                <div class="arrow_top"></div>
                <div class="arrow_bottom"></div>
            </div>
        </div>
    </div>
</div><div class="col-third offer-item">
    <div class="item bl_shadow product-237498 paldies-card  offer-2-l-sp-sku units-price        " data-product-id="237498" data-timeout="77" data-dates-interval="30.01.2025. - 29.04.2026." tabindex="0" role="button">
                                                    <div class="discount price with-unit-price ">
                                                                            <div class="paldies-card-icon with-unit-price">
                        <img src="/images/front/icons/paldies2-icon.png" alt="Paldies">
                    </div>
                                                                
                    <div class="t1 with-unit-price paldies-card">
            <span class="value">1</span>
            <span class="cents">99</span>
            <span class="eur">€</span>
            <span class="unit-price">0.40 €/gab</span>
        </div>
                    <div class="t2">
                <span class="value">3,39</span>
                <span class="eur">€</span>
            </div>
            <div class="t3 with-unit-price">
                <span class="value">3</span>
                <span class="cents">39</span>
                <span class="eur">€</span>
                <span class="unit-price">0.68 €/gab</span>            </div>
            
    <span class="vline"></span>
</div>                    		
        
        
        <div class="tags tags_primary bottom_icons">
                                                            
                                <div data-alt="Atlaide ar PALDIES karti" class="tag tag-soap-2 " style="background-image: url('/uploads/sale/atlaide-ar-paldies-karti-7358.png');                     ">
                </div>
                                                                            
                                <div data-alt="CENU LĪDERI" class="tag tag-soap-29 " style="background-image: url('/uploads/sale/cenu-lideri-6010.png');                     ">
                </div>
                            
                    </div>
        <div class="tags tags_primary info_icon">
            
    <div data-alt="Preču piedāvājums atšķirīgs Maxima veikalos, ar aktuālo akcijas preču piedāvājumu aicinām iepazīties uz vietas veikalā!" class="tag i"></div>

        </div>

        <div class="info-notice">
            


                                                                            </div>

        <div class="img">
          <img alt="Vienr.skuvekļi BIC Twin Lady 5gab." src="/uploads/sale/2025/sales_page/10/29//vienr-skuvekli-bic-twin-lady-5gab-00906-1029180622.png?1761753982">
        </div>
        <div class="text paldies-card      ">
            <div class="title">Vienr.skuvekļi BIC Twin Lady 5gab.</div>
            <div class="pack">
                <span class="ptitle"></span>
                <span class="price"> 0.68 €/gab</span>
            </div>
                    </div>
        <div class="infopop">
            <div class="in"><span></span>
                <div class="arrow_top"></div>
                <div class="arrow_bottom"></div>
            </div>
        </div>
    </div>
</div><div class="col-third offer-item">
    <div class="item bl_shadow product-237500 paldies-card  offer-2-l-sp-sku units-price        " data-product-id="237500" data-timeout="77" data-dates-interval="30.01.2024. - 29.04.2026." tabindex="0" role="button">
                                                    <div class="discount price with-unit-price ">
                                                                            <div class="paldies-card-icon with-unit-price">
                        <img src="/images/front/icons/paldies2-icon.png" alt="Paldies">
                    </div>
                                                                
                    <div class="t1 with-unit-price paldies-card">
            <span class="value">2</span>
            <span class="cents">79</span>
            <span class="eur">€</span>
            <span class="unit-price">55.80 €/l</span>
        </div>
                    <div class="t2">
                <span class="value">2,99</span>
                <span class="eur">€</span>
            </div>
            <div class="t3 with-unit-price">
                <span class="value">2</span>
                <span class="cents">99</span>
                <span class="eur">€</span>
                <span class="unit-price">59.80 €/l</span>            </div>
            
    <span class="vline"></span>
</div>                    		
        
        
        <div class="tags tags_primary bottom_icons">
                                                            
                                <div data-alt="Atlaide ar PALDIES karti" class="tag tag-soap-2 " style="background-image: url('/uploads/sale/atlaide-ar-paldies-karti-7358.png');                     ">
                </div>
                                                                            
                                <div data-alt="CENU LĪDERI" class="tag tag-soap-29 " style="background-image: url('/uploads/sale/cenu-lideri-6010.png');                     ">
                </div>
                            
                    </div>
        <div class="tags tags_primary info_icon">
            
    <div data-alt="Preču piedāvājums atšķirīgs Maxima veikalos, ar aktuālo akcijas preču piedāvājumu aicinām iepazīties uz vietas veikalā!" class="tag i"></div>

        </div>

        <div class="info-notice">
            


                                                                            </div>

        <div class="img">
          <img alt="Dezod.NIVEA PEARL&amp;BEAUTY rull.siev.50ml" src="/uploads/sale/2025/sales_page/10/29//dezod-nivea-pearl-beauty-rull-siev-50ml-00908-0210091518.png?1770707718">
        </div>
        <div class="text paldies-card      ">
            <div class="title">Dezod.NIVEA PEARL&amp;BEAUTY rull.siev.50ml</div>
            <div class="pack">
                <span class="ptitle"></span>
                <span class="price"> 59.80 €/l</span>
            </div>
                    </div>
        <div class="infopop">
            <div class="in"><span></span>
                <div class="arrow_top"></div>
                <div class="arrow_bottom"></div>
            </div>
        </div>
    </div>
</div><div class="col-third offer-item">
    <div class="item bl_shadow product-237576 paldies-card  offer-2-l-sp-sku units-price        " data-product-id="237576" data-timeout="77" data-dates-interval="30.10.2025. - 29.04.2026." tabindex="0" role="button">
                                                    <div class="discount price with-unit-price ">
                                                                            <div class="paldies-card-icon with-unit-price">
                        <img src="/images/front/icons/paldies2-icon.png" alt="Paldies">
                    </div>
                                                                
                    <div class="t1 with-unit-price paldies-card">
            <span class="value">2</span>
            <span class="cents">99</span>
            <span class="eur">€</span>
            <span class="unit-price">0.15 €/gab</span>
        </div>
                    <div class="t2">
                <span class="value">4,69</span>
                <span class="eur">€</span>
            </div>
            <div class="t3 with-unit-price">
                <span class="value">4</span>
                <span class="cents">69</span>
                <span class="eur">€</span>
                <span class="unit-price">0.23 €/gab</span>            </div>
            
    <span class="vline"></span>
</div>                    		
        
        
        <div class="tags tags_primary bottom_icons">
                                                            
                                <div data-alt="Atlaide ar PALDIES karti" class="tag tag-soap-2 " style="background-image: url('/uploads/sale/atlaide-ar-paldies-karti-7358.png');                     ">
                </div>
                                                                            
                                <div data-alt="CENU LĪDERI" class="tag tag-soap-29 " style="background-image: url('/uploads/sale/cenu-lideri-6010.png');                     ">
                </div>
                            
                    </div>
        <div class="tags tags_primary info_icon">
            
    <div data-alt="Preču piedāvājums atšķirīgs Maxima veikalos, ar aktuālo akcijas preču piedāvājumu aicinām iepazīties uz vietas veikalā!" class="tag i"></div>

        </div>

        <div class="info-notice">
            


                                                                            </div>

        <div class="img">
          <img alt="Hig.paketes NATURELLA ULTRA NOR.+ 20gab." src="/uploads/sale/2025/sales_page/10/31//hig-paketes-naturella-ultra-nor-20gab-00909-1031094021.png?1761896421">
        </div>
        <div class="text paldies-card      ">
            <div class="title">Hig.paketes NATURELLA ULTRA NOR.+ 20gab.</div>
            <div class="pack">
                <span class="ptitle"></span>
                <span class="price"> 0.23 €/gab</span>
            </div>
                    </div>
        <div class="infopop">
            <div class="in"><span></span>
                <div class="arrow_top"></div>
                <div class="arrow_bottom"></div>
            </div>
        </div>
    </div>
</div><div class="col-third offer-item">
    <div class="item bl_shadow product-237490 paldies-card  offer-2-l-sp-sku units-price        " data-product-id="237490" data-timeout="77" data-dates-interval="30.01.2024. - 29.04.2026." tabindex="0" role="button">
                                                    <div class="discount price with-unit-price ">
                                                                            <div class="paldies-card-icon with-unit-price">
                        <img src="/images/front/icons/paldies2-icon.png" alt="Paldies">
                    </div>
                                                                
                    <div class="t1 with-unit-price paldies-card">
            <span class="value">2</span>
            <span class="cents">49</span>
            <span class="eur">€</span>
            <span class="unit-price">33.20 €/l</span>
        </div>
                    <div class="t2">
                <span class="value">4,29</span>
                <span class="eur">€</span>
            </div>
            <div class="t3 with-unit-price">
                <span class="value">4</span>
                <span class="cents">29</span>
                <span class="eur">€</span>
                <span class="unit-price">57.20 €/l</span>            </div>
            
    <span class="vline"></span>
</div>                    		
        
        
        <div class="tags tags_primary bottom_icons">
                                                            
                                <div data-alt="Atlaide ar PALDIES karti" class="tag tag-soap-2 " style="background-image: url('/uploads/sale/atlaide-ar-paldies-karti-7358.png');                     ">
                </div>
                                                                            
                                <div data-alt="CENU LĪDERI" class="tag tag-soap-29 " style="background-image: url('/uploads/sale/cenu-lideri-6010.png');                     ">
                </div>
                            
                    </div>
        <div class="tags tags_primary info_icon">
            
    <div data-alt="Preču piedāvājums atšķirīgs Maxima veikalos, ar aktuālo akcijas preču piedāvājumu aicinām iepazīties uz vietas veikalā!" class="tag i"></div>

        </div>

        <div class="info-notice">
            


                                                                            </div>

        <div class="img">
          <img alt="Ķerm.krēms NIVEA Soft intens.mitrin.75ml" src="/uploads/sale/2025/sales_page/10/29//kerm-krems-nivea-soft-intens-mitrin-75ml-00890-1029180617.png?1761753977">
        </div>
        <div class="text paldies-card      ">
            <div class="title">Ķerm.krēms NIVEA Soft intens.mitrin.75ml</div>
            <div class="pack">
                <span class="ptitle"></span>
                <span class="price"> 57.20 €/l</span>
            </div>
                    </div>
        <div class="infopop">
            <div class="in"><span></span>
                <div class="arrow_top"></div>
                <div class="arrow_bottom"></div>
            </div>
        </div>
    </div>
</div><div class="col-third offer-item">
    <div class="item bl_shadow product-237491 paldies-card  offer-2-l-sp-sku units-price        " data-product-id="237491" data-timeout="77" data-dates-interval="16.03.2023. - 29.04.2026." tabindex="0" role="button">
                                                    <div class="discount price with-unit-price ">
                                                                            <div class="paldies-card-icon with-unit-price">
                        <img src="/images/front/icons/paldies2-icon.png" alt="Paldies">
                    </div>
                                                                
                    <div class="t1 with-unit-price paldies-card">
            <span class="value">3</span>
            <span class="cents">59</span>
            <span class="eur">€</span>
            <span class="unit-price">1.80 €/gab</span>
        </div>
                    <div class="t2">
                <span class="value">5,49</span>
                <span class="eur">€</span>
            </div>
            <div class="t3 with-unit-price">
                <span class="value">5</span>
                <span class="cents">49</span>
                <span class="eur">€</span>
                <span class="unit-price">2.75 €/gab</span>            </div>
            
    <span class="vline"></span>
</div>                    		
        
        
        <div class="tags tags_primary bottom_icons">
                                                            
                                <div data-alt="Atlaide ar PALDIES karti" class="tag tag-soap-2 " style="background-image: url('/uploads/sale/atlaide-ar-paldies-karti-7358.png');                     ">
                </div>
                                                                            
                                <div data-alt="CENU LĪDERI" class="tag tag-soap-29 " style="background-image: url('/uploads/sale/cenu-lideri-6010.png');                     ">
                </div>
                            
                    </div>
        <div class="tags tags_primary info_icon">
            
    <div data-alt="Preču piedāvājums atšķirīgs Maxima veikalos, ar aktuālo akcijas preču piedāvājumu aicinām iepazīties uz vietas veikalā!" class="tag i"></div>

        </div>

        <div class="info-notice">
            


                                                                            </div>

        <div class="img">
          <img alt="Papīra dvieļi ZEWA W&amp;W Design 2 ruļļi" src="/uploads/sale/2025/sales_page/10/29//papira-dvieli-zewa-w-w-design-2-rulli-00891-0210093518.png?1770708918">
        </div>
        <div class="text paldies-card      ">
            <div class="title">Papīra dvieļi ZEWA W&amp;W Design 2 ruļļi</div>
            <div class="pack">
                <span class="ptitle"></span>
                <span class="price"> 2.75 €/gab</span>
            </div>
                    </div>
        <div class="infopop">
            <div class="in"><span></span>
                <div class="arrow_top"></div>
                <div class="arrow_bottom"></div>
            </div>
        </div>
    </div>
</div><div class="col-third offer-item">
    <div class="item bl_shadow product-237626 paldies-card  offer-2-l-sp-sku units-price        " data-product-id="237626" data-timeout="77" data-dates-interval="30.10.2025. - 29.04.2026." tabindex="0" role="button">
                                                    <div class="discount price with-unit-price ">
                                                                            <div class="paldies-card-icon with-unit-price">
                        <img src="/images/front/icons/paldies2-icon.png" alt="Paldies">
                    </div>
                                                                
                    <div class="t1 with-unit-price paldies-card">
            <span class="value">3</span>
            <span class="cents">79</span>
            <span class="eur">€</span>
            <span class="unit-price">18.95 €/l</span>
        </div>
                    <div class="t2">
                <span class="value">6,29</span>
                <span class="eur">€</span>
            </div>
            <div class="t3 with-unit-price">
                <span class="value">6</span>
                <span class="cents">29</span>
                <span class="eur">€</span>
                <span class="unit-price">31.45 €/l</span>            </div>
            
    <span class="vline"></span>
</div>                    		
        
        
        <div class="tags tags_primary bottom_icons">
                                                            
                                <div data-alt="Atlaide ar PALDIES karti" class="tag tag-soap-2 " style="background-image: url('/uploads/sale/atlaide-ar-paldies-karti-7358.png');                     ">
                </div>
                                                                            
                                <div data-alt="CENU LĪDERI" class="tag tag-soap-29 " style="background-image: url('/uploads/sale/cenu-lideri-6010.png');                     ">
                </div>
                            
                    </div>
        <div class="tags tags_primary info_icon">
            
    <div data-alt="Preču piedāvājums atšķirīgs Maxima veikalos, ar aktuālo akcijas preču piedāvājumu aicinām iepazīties uz vietas veikalā!" class="tag i"></div>

        </div>

        <div class="info-notice">
            


                                                                            </div>

        <div class="img">
          <img alt="Skūšanās žel.GILLETTE SENSITIVE 200ml" src="/uploads/sale/2025/sales_page/10/31//skusanas-zel-gillette-sensitive-200ml-00892-1031094030.png?1761896430">
        </div>
        <div class="text paldies-card      ">
            <div class="title">Skūšanās žel.GILLETTE SENSITIVE 200ml</div>
            <div class="pack">
                <span class="ptitle"></span>
                <span class="price"> 31.45 €/l</span>
            </div>
                    </div>
        <div class="infopop">
            <div class="in"><span></span>
                <div class="arrow_top"></div>
                <div class="arrow_bottom"></div>
            </div>
        </div>
    </div>
</div><div class="col-third offer-item">
    <div class="item bl_shadow product-237627 paldies-card  offer-2-l-sp-sku units-price        " data-product-id="237627" data-timeout="77" data-dates-interval="30.10.2025. - 29.04.2026." tabindex="0" role="button">
                                                    <div class="discount price with-unit-price ">
                                                                            <div class="paldies-card-icon with-unit-price">
                        <img src="/images/front/icons/paldies2-icon.png" alt="Paldies">
                    </div>
                                                                                                                                
                    <div class="t1 with-unit-price paldies-card">
            <span class="value">1</span>
            <span class="cents">99</span>
            <span class="eur">€</span>
            <span class="unit-price">1.99 €/gab</span>
        </div>
                    <div class="t2">
                <span class="value">3,39</span>
                <span class="eur">€</span>
            </div>
            <div class="t3 with-unit-price">
                <span class="value">3</span>
                <span class="cents">39</span>
                <span class="eur">€</span>
                <span class="unit-price">3.39 €/gab</span>            </div>
            
    <span class="vline"></span>
</div>                    		
        
        
        <div class="tags tags_primary bottom_icons">
                                                            
                                <div data-alt="Atlaide ar PALDIES karti" class="tag tag-soap-2 " style="background-image: url('/uploads/sale/atlaide-ar-paldies-karti-7358.png');                     ">
                </div>
                                                                            
                                <div data-alt="Prece pieejama MAXIMA XX veikalos" class="tag tag-soap-3 tag-shops" style="background-image: url('/uploads/sale/piedavajums-speka-maxima-xx-veikalos-6057.png');                     ">
                </div>
                                                                            
                                <div data-alt="Prece pieejama MAXIMA XXX veikalos" class="tag tag-soap-4 tag-shops" style="background-image: url('/uploads/sale/piedavajums-speka-maxima-xxx-veikalos-3117.png');                     ">
                </div>
                                                                            
                                <div data-alt="CENU LĪDERI" class="tag tag-soap-29 " style="background-image: url('/uploads/sale/cenu-lideri-6010.png');                     ">
                </div>
                            
                    </div>
        <div class="tags tags_primary info_icon">
            
    <div data-alt="Preču piedāvājums atšķirīgs Maxima veikalos, ar aktuālo akcijas preču piedāvājumu aicinām iepazīties uz vietas veikalā!" class="tag i"></div>

        </div>

        <div class="info-notice">
            


                                                                                                                                    </div>

        <div class="img">
          <img alt="Zobu birste ORAL-B STAGES3 SOFT bērniem" src="/uploads/sale/2025/sales_page/10/31//zobu-birste-oral-b-stages3-soft-berniem-00893-1031094030.png?1761896430">
        </div>
        <div class="text paldies-card      ">
            <div class="title">Zobu birste ORAL-B STAGES3 SOFT bērniem</div>
            <div class="pack">
                <span class="ptitle"></span>
                <span class="price"> 3.39 €/gab</span>
            </div>
                    </div>
        <div class="infopop">
            <div class="in"><span></span>
                <div class="arrow_top"></div>
                <div class="arrow_bottom"></div>
            </div>
        </div>
    </div>
</div><div class="col-third offer-item">
    <div class="item bl_shadow product-237629 paldies-card  offer-2-l-sp-sku units-price        " data-product-id="237629" data-timeout="77" data-dates-interval="30.10.2025. - 29.04.2026." tabindex="0" role="button">
                                                    <div class="discount price with-unit-price ">
                                                                            <div class="paldies-card-icon with-unit-price">
                        <img src="/images/front/icons/paldies2-icon.png" alt="Paldies">
                    </div>
                                                                                                                                
                    <div class="t1 with-unit-price paldies-card">
            <span class="value">5</span>
            <span class="cents">99</span>
            <span class="eur">€</span>
            <span class="unit-price">23.96 €/l</span>
        </div>
                    <div class="t2">
                <span class="value">8,59</span>
                <span class="eur">€</span>
            </div>
            <div class="t3 with-unit-price">
                <span class="value">8</span>
                <span class="cents">59</span>
                <span class="eur">€</span>
                <span class="unit-price">34.36 €/l</span>            </div>
            
    <span class="vline"></span>
</div>                    		
        
        
        <div class="tags tags_primary bottom_icons">
                                                            
                                <div data-alt="Atlaide ar PALDIES karti" class="tag tag-soap-2 " style="background-image: url('/uploads/sale/atlaide-ar-paldies-karti-7358.png');                     ">
                </div>
                                                                            
                                <div data-alt="Prece pieejama MAXIMA XX veikalos" class="tag tag-soap-3 tag-shops" style="background-image: url('/uploads/sale/piedavajums-speka-maxima-xx-veikalos-6057.png');                     ">
                </div>
                                                                            
                                <div data-alt="Prece pieejama MAXIMA XXX veikalos" class="tag tag-soap-4 tag-shops" style="background-image: url('/uploads/sale/piedavajums-speka-maxima-xxx-veikalos-3117.png');                     ">
                </div>
                                                                            
                                <div data-alt="CENU LĪDERI" class="tag tag-soap-29 " style="background-image: url('/uploads/sale/cenu-lideri-6010.png');                     ">
                </div>
                            
                    </div>
        <div class="tags tags_primary info_icon">
            
    <div data-alt="Preču piedāvājums atšķirīgs Maxima veikalos, ar aktuālo akcijas preču piedāvājumu aicinām iepazīties uz vietas veikalā!" class="tag i"></div>

        </div>

        <div class="info-notice">
            


                                                                                                                                    </div>

        <div class="img">
          <img alt="Gaisa ats.rez.AIRWICK FM Orange fl.250ml" src="/uploads/sale/2025/sales_page/10/31//gaisa-ats-rez-airwick-fm-orange-fl-250ml-00898-1031094030.png?1761896430">
        </div>
        <div class="text paldies-card      ">
            <div class="title">Gaisa ats.rez.AIRWICK FM Orange fl.250ml</div>
            <div class="pack">
                <span class="ptitle"></span>
                <span class="price"> 34.36 €/l</span>
            </div>
                    </div>
        <div class="infopop">
            <div class="in"><span></span>
                <div class="arrow_top"></div>
                <div class="arrow_bottom"></div>
            </div>
        </div>
    </div>
</div><div class="col-third offer-item">
    <div class="item bl_shadow product-237630 paldies-card  offer-2-l-sp-sku units-price        " data-product-id="237630" data-timeout="77" data-dates-interval="30.10.2025. - 29.04.2026." tabindex="0" role="button">
                                                    <div class="discount price with-unit-price ">
                                                                            <div class="paldies-card-icon with-unit-price">
                        <img src="/images/front/icons/paldies2-icon.png" alt="Paldies">
                    </div>
                                                                                                
                    <div class="t1 with-unit-price paldies-card">
            <span class="value">5</span>
            <span class="cents">99</span>
            <span class="eur">€</span>
            <span class="unit-price">23.96 €/l</span>
        </div>
                    <div class="t2">
                <span class="value">8,59</span>
                <span class="eur">€</span>
            </div>
            <div class="t3 with-unit-price">
                <span class="value">8</span>
                <span class="cents">59</span>
                <span class="eur">€</span>
                <span class="unit-price">34.36 €/l</span>            </div>
            
    <span class="vline"></span>
</div>                    		
        
        
        <div class="tags tags_primary bottom_icons">
                                                            
                                <div data-alt="Atlaide ar PALDIES karti" class="tag tag-soap-2 " style="background-image: url('/uploads/sale/atlaide-ar-paldies-karti-7358.png');                     ">
                </div>
                                                                            
                                <div data-alt="Prece pieejama MAXIMA XXX veikalos" class="tag tag-soap-4 tag-shops" style="background-image: url('/uploads/sale/piedavajums-speka-maxima-xxx-veikalos-3117.png');                     ">
                </div>
                                                                            
                                <div data-alt="CENU LĪDERI" class="tag tag-soap-29 " style="background-image: url('/uploads/sale/cenu-lideri-6010.png');                     ">
                </div>
                            
                    </div>
        <div class="tags tags_primary info_icon">
            
    <div data-alt="Preču piedāvājums atšķirīgs Maxima veikalos, ar aktuālo akcijas preču piedāvājumu aicinām iepazīties uz vietas veikalā!" class="tag i"></div>

        </div>

        <div class="info-notice">
            


                                                                                                        </div>

        <div class="img">
          <img alt="Gaisa ats.rez.AIRWICK FM White fl. 250ml" src="/uploads/sale/2025/sales_page/10/31//gaisa-ats-rez-airwick-fm-white-fl-250ml-00899-1031094030.png?1761896430">
        </div>
        <div class="text paldies-card      ">
            <div class="title">Gaisa ats.rez.AIRWICK FM White fl. 250ml</div>
            <div class="pack">
                <span class="ptitle"></span>
                <span class="price"> 34.36 €/l</span>
            </div>
                    </div>
        <div class="infopop">
            <div class="in"><span></span>
                <div class="arrow_top"></div>
                <div class="arrow_bottom"></div>
            </div>
        </div>
    </div>
</div><div class="col-third offer-item">
    <div class="item bl_shadow product-237495 paldies-card  offer-2-l-sp-sku units-price        " data-product-id="237495" data-timeout="77" data-dates-interval="30.07.2024. - 29.04.2026." tabindex="0" role="button">
                                                    <div class="discount price with-unit-price ">
                                                                            <div class="paldies-card-icon with-unit-price">
                        <img src="/images/front/icons/paldies2-icon.png" alt="Paldies">
                    </div>
                                                                                                                                
                    <div class="t1 with-unit-price paldies-card">
            <span class="value">1</span>
            <span class="cents">39</span>
            <span class="eur">€</span>
            <span class="unit-price">2.78 €/l</span>
        </div>
                    <div class="t2">
                <span class="value">1,89</span>
                <span class="eur">€</span>
            </div>
            <div class="t3 with-unit-price">
                <span class="value">1</span>
                <span class="cents">89</span>
                <span class="eur">€</span>
                <span class="unit-price">3.78 €/l</span>            </div>
            
    <span class="vline"></span>
</div>                    		
        
        
        <div class="tags tags_primary bottom_icons">
                                                            
                                <div data-alt="Atlaide ar PALDIES karti" class="tag tag-soap-2 " style="background-image: url('/uploads/sale/atlaide-ar-paldies-karti-7358.png');                     ">
                </div>
                                                                            
                                <div data-alt="Prece pieejama MAXIMA XX veikalos" class="tag tag-soap-3 tag-shops" style="background-image: url('/uploads/sale/piedavajums-speka-maxima-xx-veikalos-6057.png');                     ">
                </div>
                                                                            
                                <div data-alt="Prece pieejama MAXIMA XXX veikalos" class="tag tag-soap-4 tag-shops" style="background-image: url('/uploads/sale/piedavajums-speka-maxima-xxx-veikalos-3117.png');                     ">
                </div>
                                                                            
                                <div data-alt="CENU LĪDERI" class="tag tag-soap-29 " style="background-image: url('/uploads/sale/cenu-lideri-6010.png');                     ">
                </div>
                            
                    </div>
        <div class="tags tags_primary info_icon">
            
    <div data-alt="Preču piedāvājums atšķirīgs Maxima veikalos, ar aktuālo akcijas preču piedāvājumu aicinām iepazīties uz vietas veikalā!" class="tag i"></div>

        </div>

        <div class="info-notice">
            


                                                                                                                                    </div>

        <div class="img">
          <img alt="Trauku mazg.līdz.MAYERI Sensitive 500ml" src="/uploads/sale/2025/sales_page/10/29//trauku-mazg-lidz-mayeri-sensitive-500ml-00900-1029180147.png?1761753707">
        </div>
        <div class="text paldies-card      ">
            <div class="title">Trauku mazg.līdz.MAYERI Sensitive 500ml</div>
            <div class="pack">
                <span class="ptitle"></span>
                <span class="price"> 3.78 €/l</span>
            </div>
                    </div>
        <div class="infopop">
            <div class="in"><span></span>
                <div class="arrow_top"></div>
                <div class="arrow_bottom"></div>
            </div>
        </div>
    </div>
</div><div class="col-third offer-item">
    <div class="item bl_shadow product-237573 paldies-card  offer-2-l-sp-sku units-price        " data-product-id="237573" data-timeout="77" data-dates-interval="30.10.2025. - 29.04.2026." tabindex="0" role="button">
                                                    <div class="discount price with-unit-price ">
                                                                            <div class="paldies-card-icon with-unit-price">
                        <img src="/images/front/icons/paldies2-icon.png" alt="Paldies">
                    </div>
                                                                
                    <div class="t1 with-unit-price paldies-card">
            <span class="value">2</span>
            <span class="cents">29</span>
            <span class="eur">€</span>
            <span class="unit-price">477.08 €/kg</span>
        </div>
                    <div class="t2">
                <span class="value">3,89</span>
                <span class="eur">€</span>
            </div>
            <div class="t3 with-unit-price">
                <span class="value">3</span>
                <span class="cents">89</span>
                <span class="eur">€</span>
                <span class="unit-price">810.42 €/kg</span>            </div>
            
    <span class="vline"></span>
</div>                    		
        
        
        <div class="tags tags_primary bottom_icons">
                                                            
                                <div data-alt="Atlaide ar PALDIES karti" class="tag tag-soap-2 " style="background-image: url('/uploads/sale/atlaide-ar-paldies-karti-7358.png');                     ">
                </div>
                                                                            
                                <div data-alt="CENU LĪDERI" class="tag tag-soap-29 " style="background-image: url('/uploads/sale/cenu-lideri-6010.png');                     ">
                </div>
                            
                    </div>
        <div class="tags tags_primary info_icon">
            
    <div data-alt="Preču piedāvājums atšķirīgs Maxima veikalos, ar aktuālo akcijas preču piedāvājumu aicinām iepazīties uz vietas veikalā!" class="tag i"></div>

        </div>

        <div class="info-notice">
            


                                                                            </div>

        <div class="img">
          <img alt="Lūpu balzams NIVEA ESSENTIAL 4,8g" src="/uploads/sale/2025/sales_page/10/31//lupu-balzams-nivea-essential-4-8g-00901-0210090017.png?1770706817">
        </div>
        <div class="text paldies-card      ">
            <div class="title">Lūpu balzams NIVEA ESSENTIAL 4,8g</div>
            <div class="pack">
                <span class="ptitle"></span>
                <span class="price"> 810.42 €/kg</span>
            </div>
                    </div>
        <div class="infopop">
            <div class="in"><span></span>
                <div class="arrow_top"></div>
                <div class="arrow_bottom"></div>
            </div>
        </div>
    </div>
</div><div class="col-third offer-item">
    <div class="item bl_shadow product-237496 paldies-card  offer-2-l-sp-sku units-price        " data-product-id="237496" data-timeout="77" data-dates-interval="30.10.2025. - 29.04.2026." tabindex="0" role="button">
                                                    <div class="discount price with-unit-price ">
                                                                            <div class="paldies-card-icon with-unit-price">
                        <img src="/images/front/icons/paldies2-icon.png" alt="Paldies">
                    </div>
                                                                                                                                
                    <div class="t1 with-unit-price paldies-card">
            <span class="value">3</span>
            <span class="cents">99</span>
            <span class="eur">€</span>
            <span class="unit-price">5.32 €/l</span>
        </div>
                    <div class="t2">
                <span class="value">6,69</span>
                <span class="eur">€</span>
            </div>
            <div class="t3 with-unit-price">
                <span class="value">6</span>
                <span class="cents">69</span>
                <span class="eur">€</span>
                <span class="unit-price">8.92 €/l</span>            </div>
            
    <span class="vline"></span>
</div>                    		
        
        
        <div class="tags tags_primary bottom_icons">
                                                            
                                <div data-alt="Atlaide ar PALDIES karti" class="tag tag-soap-2 " style="background-image: url('/uploads/sale/atlaide-ar-paldies-karti-7358.png');                     ">
                </div>
                                                                            
                                <div data-alt="Prece pieejama MAXIMA XX veikalos" class="tag tag-soap-3 tag-shops" style="background-image: url('/uploads/sale/piedavajums-speka-maxima-xx-veikalos-6057.png');                     ">
                </div>
                                                                            
                                <div data-alt="Prece pieejama MAXIMA XXX veikalos" class="tag tag-soap-4 tag-shops" style="background-image: url('/uploads/sale/piedavajums-speka-maxima-xxx-veikalos-3117.png');                     ">
                </div>
                                                                            
                                <div data-alt="CENU LĪDERI" class="tag tag-soap-29 " style="background-image: url('/uploads/sale/cenu-lideri-6010.png');                     ">
                </div>
                            
                    </div>
        <div class="tags tags_primary info_icon">
            
    <div data-alt="Preču piedāvājums atšķirīgs Maxima veikalos, ar aktuālo akcijas preču piedāvājumu aicinām iepazīties uz vietas veikalā!" class="tag i"></div>

        </div>

        <div class="info-notice">
            


                                                                                                                                    </div>

        <div class="img">
          <img alt="Tīr.līdz. SANO Forte Plus plītij 750ml" src="/uploads/sale/2025/sales_page/10/29//tir-lidz-sano-forte-plus-plitij-750ml-00902-1029180617.png?1761753977">
        </div>
        <div class="text paldies-card      ">
            <div class="title">Tīr.līdz. SANO Forte Plus plītij 750ml</div>
            <div class="pack">
                <span class="ptitle"></span>
                <span class="price"> 8.92 €/l</span>
            </div>
                    </div>
        <div class="infopop">
            <div class="in"><span></span>
                <div class="arrow_top"></div>
                <div class="arrow_bottom"></div>
            </div>
        </div>
    </div>
</div><div class="col-third offer-item">
    <div class="item bl_shadow product-237497 paldies-card  offer-2-l-sp-sku units-price        " data-product-id="237497" data-timeout="77" data-dates-interval="20.06.2023. - 29.04.2026." tabindex="0" role="button">
                                                    <div class="discount price with-unit-price ">
                                                                            <div class="paldies-card-icon with-unit-price">
                        <img src="/images/front/icons/paldies2-icon.png" alt="Paldies">
                    </div>
                                                                
                    <div class="t1 with-unit-price paldies-card">
            <span class="value">3</span>
            <span class="cents">99</span>
            <span class="eur">€</span>
            <span class="unit-price">0.25 €/gab</span>
        </div>
                    <div class="t2">
                <span class="value">5,69</span>
                <span class="eur">€</span>
            </div>
            <div class="t3 with-unit-price">
                <span class="value">5</span>
                <span class="cents">69</span>
                <span class="eur">€</span>
                <span class="unit-price">0.36 €/gab</span>            </div>
            
    <span class="vline"></span>
</div>                    		
        
        
        <div class="tags tags_primary bottom_icons">
                                                            
                                <div data-alt="Atlaide ar PALDIES karti" class="tag tag-soap-2 " style="background-image: url('/uploads/sale/atlaide-ar-paldies-karti-7358.png');                     ">
                </div>
                                                                            
                                <div data-alt="CENU LĪDERI" class="tag tag-soap-29 " style="background-image: url('/uploads/sale/cenu-lideri-6010.png');                     ">
                </div>
                            
                    </div>
        <div class="tags tags_primary info_icon">
            
    <div data-alt="Preču piedāvājums atšķirīgs Maxima veikalos, ar aktuālo akcijas preču piedāvājumu aicinām iepazīties uz vietas veikalā!" class="tag i"></div>

        </div>

        <div class="info-notice">
            


                                                                            </div>

        <div class="img">
          <img alt="Hig.tamponi TAMPAX COMPAK SUPER 16gab." src="/uploads/sale/2025/sales_page/10/29//hig-tamponi-tampax-compak-super-16gab-00903-1029180622.png?1761753982">
        </div>
        <div class="text paldies-card      ">
            <div class="title">Hig.tamponi TAMPAX COMPAK SUPER 16gab.</div>
            <div class="pack">
                <span class="ptitle"></span>
                <span class="price"> 0.36 €/gab</span>
            </div>
                    </div>
        <div class="infopop">
            <div class="in"><span></span>
                <div class="arrow_top"></div>
                <div class="arrow_bottom"></div>
            </div>
        </div>
    </div>
</div><div class="col-third offer-item">
    <div class="item bl_shadow product-237574 paldies-card  offer-2-l-sp-sku units-price        " data-product-id="237574" data-timeout="77" data-dates-interval="30.10.2025. - 29.04.2026." tabindex="0" role="button">
                                                    <div class="discount price with-unit-price ">
                                                                            <div class="paldies-card-icon with-unit-price">
                        <img src="/images/front/icons/paldies2-icon.png" alt="Paldies">
                    </div>
                                                                                                
                    <div class="t1 with-unit-price paldies-card">
            <span class="value">1</span>
            <span class="cents">99</span>
            <span class="eur">€</span>
            <span class="unit-price">1.99 €/gab</span>
        </div>
                    <div class="t2">
                <span class="value">3,29</span>
                <span class="eur">€</span>
            </div>
            <div class="t3 with-unit-price">
                <span class="value">3</span>
                <span class="cents">29</span>
                <span class="eur">€</span>
                <span class="unit-price">3.29 €/gab</span>            </div>
            
    <span class="vline"></span>
</div>                    		
        
        
        <div class="tags tags_primary bottom_icons">
                                                            
                                <div data-alt="Atlaide ar PALDIES karti" class="tag tag-soap-2 " style="background-image: url('/uploads/sale/atlaide-ar-paldies-karti-7358.png');                     ">
                </div>
                                                                            
                                <div data-alt="Mazuļu klubs" class="tag tag-soap-8 " style="background-image: url('/uploads/sale/mazulu-klubs-3549.png');                     ">
                </div>
                                                                            
                                <div data-alt="CENU LĪDERI" class="tag tag-soap-29 " style="background-image: url('/uploads/sale/cenu-lideri-6010.png');                     ">
                </div>
                            
                    </div>
        <div class="tags tags_primary info_icon">
            
    <div data-alt="Preču piedāvājums atšķirīgs Maxima veikalos, ar aktuālo akcijas preču piedāvājumu aicinām iepazīties uz vietas veikalā!" class="tag i"></div>

        </div>

        <div class="info-notice">
            


                                                                                                        </div>

        <div class="img">
          <img alt="Zobu birste JORDAN STEP1 0–2gadiem" src="/uploads/sale/2025/sales_page/10/31//zobu-birste-jordan-step1-0-2gadiem-00904-1031094021.png?1761896421">
        </div>
        <div class="text paldies-card      ">
            <div class="title">Zobu birste JORDAN STEP1 0–2gadiem</div>
            <div class="pack">
                <span class="ptitle"></span>
                <span class="price"> 3.29 €/gab</span>
            </div>
                    </div>
        <div class="infopop">
            <div class="in"><span></span>
                <div class="arrow_top"></div>
                <div class="arrow_bottom"></div>
            </div>
        </div>
    </div>
</div><div class="col-third offer-item">
    <div class="item bl_shadow product-237575 paldies-card  offer-2-l-sp-sku units-price        " data-product-id="237575" data-timeout="77" data-dates-interval="30.10.2025. - 29.04.2026." tabindex="0" role="button">
                                                    <div class="discount price with-unit-price ">
                                                                            <div class="paldies-card-icon with-unit-price">
                        <img src="/images/front/icons/paldies2-icon.png" alt="Paldies">
                    </div>
                                                                
                    <div class="t1 with-unit-price paldies-card">
            <span class="value">1</span>
            <span class="cents">99</span>
            <span class="eur">€</span>
            <span class="unit-price">0.50 €/gab</span>
        </div>
                    <div class="t2">
                <span class="value">3,49</span>
                <span class="eur">€</span>
            </div>
            <div class="t3 with-unit-price">
                <span class="value">3</span>
                <span class="cents">49</span>
                <span class="eur">€</span>
                <span class="unit-price">0.87 €/gab</span>            </div>
            
    <span class="vline"></span>
</div>                    		
        
        
        <div class="tags tags_primary bottom_icons">
                                                            
                                <div data-alt="Atlaide ar PALDIES karti" class="tag tag-soap-2 " style="background-image: url('/uploads/sale/atlaide-ar-paldies-karti-7358.png');                     ">
                </div>
                                                                            
                                <div data-alt="CENU LĪDERI" class="tag tag-soap-29 " style="background-image: url('/uploads/sale/cenu-lideri-6010.png');                     ">
                </div>
                            
                    </div>
        <div class="tags tags_primary info_icon">
            
    <div data-alt="Preču piedāvājums atšķirīgs Maxima veikalos, ar aktuālo akcijas preču piedāvājumu aicinām iepazīties uz vietas veikalā!" class="tag i"></div>

        </div>

        <div class="info-notice">
            


                                                                            </div>

        <div class="img">
          <img alt="Vienr.skuvekļi BIC 3 SENSITIVE 4gab." src="/uploads/sale/2025/sales_page/10/31//vienr-skuvekli-bic-3-sensitive-4gab-00905-1031094021.png?1761896421">
        </div>
        <div class="text paldies-card      ">
            <div class="title">Vienr.skuvekļi BIC 3 SENSITIVE 4gab.</div>
            <div class="pack">
                <span class="ptitle"></span>
                <span class="price"> 0.87 €/gab</span>
            </div>
                    </div>
        <div class="infopop">
            <div class="in"><span></span>
                <div class="arrow_top"></div>
                <div class="arrow_bottom"></div>
            </div>
        </div>
    </div>
</div><div class="col-third offer-item">
    <div class="item bl_shadow product-237498 paldies-card  offer-2-l-sp-sku units-price        " data-product-id="237498" data-timeout="77" data-dates-interval="30.01.2025. - 29.04.2026." tabindex="0" role="button">
                                                    <div class="discount price with-unit-price ">
                                                                            <div class="paldies-card-icon with-unit-price">
                        <img src="/images/front/icons/paldies2-icon.png" alt="Paldies">
                    </div>
                                                                
                    <div class="t1 with-unit-price paldies-card">
            <span class="value">1</span>
            <span class="cents">99</span>
            <span class="eur">€</span>
            <span class="unit-price">0.40 €/gab</span>
        </div>
                    <div class="t2">
                <span class="value">3,39</span>
                <span class="eur">€</span>
            </div>
            <div class="t3 with-unit-price">
                <span class="value">3</span>
                <span class="cents">39</span>
                <span class="eur">€</span>
                <span class="unit-price">0.68 €/gab</span>            </div>
            
    <span class="vline"></span>
</div>                    		
        
        
        <div class="tags tags_primary bottom_icons">
                                                            
                                <div data-alt="Atlaide ar PALDIES karti" class="tag tag-soap-2 " style="background-image: url('/uploads/sale/atlaide-ar-paldies-karti-7358.png');                     ">
                </div>
                                                                            
                                <div data-alt="CENU LĪDERI" class="tag tag-soap-29 " style="background-image: url('/uploads/sale/cenu-lideri-6010.png');                     ">
                </div>
                            
                    </div>
        <div class="tags tags_primary info_icon">
            
    <div data-alt="Preču piedāvājums atšķirīgs Maxima veikalos, ar aktuālo akcijas preču piedāvājumu aicinām iepazīties uz vietas veikalā!" class="tag i"></div>

        </div>

        <div class="info-notice">
            


                                                                            </div>

        <div class="img">
          <img alt="Vienr.skuvekļi BIC Twin Lady 5gab." src="/uploads/sale/2025/sales_page/10/29//vienr-skuvekli-bic-twin-lady-5gab-00906-1029180622.png?1761753982">
        </div>
        <div class="text paldies-card      ">
            <div class="title">Vienr.skuvekļi BIC Twin Lady 5gab.</div>
            <div class="pack">
                <span class="ptitle"></span>
                <span class="price"> 0.68 €/gab</span>
            </div>
                    </div>
        <div class="infopop">
            <div class="in"><span></span>
                <div class="arrow_top"></div>
                <div class="arrow_bottom"></div>
            </div>
        </div>
    </div>
</div><div class="col-third offer-item">
    <div class="item bl_shadow product-237500 paldies-card  offer-2-l-sp-sku units-price        " data-product-id="237500" data-timeout="77" data-dates-interval="30.01.2024. - 29.04.2026." tabindex="0" role="button">
                                                    <div class="discount price with-unit-price ">
                                                                            <div class="paldies-card-icon with-unit-price">
                        <img src="/images/front/icons/paldies2-icon.png" alt="Paldies">
                    </div>
                                                                
                    <div class="t1 with-unit-price paldies-card">
            <span class="value">2</span>
            <span class="cents">79</span>
            <span class="eur">€</span>
            <span class="unit-price">55.80 €/l</span>
        </div>
                    <div class="t2">
                <span class="value">2,99</span>
                <span class="eur">€</span>
            </div>
            <div class="t3 with-unit-price">
                <span class="value">2</span>
                <span class="cents">99</span>
                <span class="eur">€</span>
                <span class="unit-price">59.80 €/l</span>            </div>
            
    <span class="vline"></span>
</div>                    		
        
        
        <div class="tags tags_primary bottom_icons">
                                                            
                                <div data-alt="Atlaide ar PALDIES karti" class="tag tag-soap-2 " style="background-image: url('/uploads/sale/atlaide-ar-paldies-karti-7358.png');                     ">
                </div>
                                                                            
                                <div data-alt="CENU LĪDERI" class="tag tag-soap-29 " style="background-image: url('/uploads/sale/cenu-lideri-6010.png');                     ">
                </div>
                            
                    </div>
        <div class="tags tags_primary info_icon">
            
    <div data-alt="Preču piedāvājums atšķirīgs Maxima veikalos, ar aktuālo akcijas preču piedāvājumu aicinām iepazīties uz vietas veikalā!" class="tag i"></div>

        </div>

        <div class="info-notice">
            


                                                                            </div>

        <div class="img">
          <img alt="Dezod.NIVEA PEARL&amp;BEAUTY rull.siev.50ml" src="/uploads/sale/2025/sales_page/10/29//dezod-nivea-pearl-beauty-rull-siev-50ml-00908-0210091518.png?1770707718">
        </div>
        <div class="text paldies-card      ">
            <div class="title">Dezod.NIVEA PEARL&amp;BEAUTY rull.siev.50ml</div>
            <div class="pack">
                <span class="ptitle"></span>
                <span class="price"> 59.80 €/l</span>
            </div>
                    </div>
        <div class="infopop">
            <div class="in"><span></span>
                <div class="arrow_top"></div>
                <div class="arrow_bottom"></div>
            </div>
        </div>
    </div>
</div><div class="col-third offer-item">
    <div class="item bl_shadow product-237576 paldies-card  offer-2-l-sp-sku units-price        " data-product-id="237576" data-timeout="77" data-dates-interval="30.10.2025. - 29.04.2026." tabindex="0" role="button">
                                                    <div class="discount price with-unit-price ">
                                                                            <div class="paldies-card-icon with-unit-price">
                        <img src="/images/front/icons/paldies2-icon.png" alt="Paldies">
                    </div>
                                                                
                    <div class="t1 with-unit-price paldies-card">
            <span class="value">2</span>
            <span class="cents">99</span>
            <span class="eur">€</span>
            <span class="unit-price">0.15 €/gab</span>
        </div>
                    <div class="t2">
                <span class="value">4,69</span>
                <span class="eur">€</span>
            </div>
            <div class="t3 with-unit-price">
                <span class="value">4</span>
                <span class="cents">69</span>
                <span class="eur">€</span>
                <span class="unit-price">0.23 €/gab</span>            </div>
            
    <span class="vline"></span>
</div>                    		
        
        
        <div class="tags tags_primary bottom_icons">
                                                            
                                <div data-alt="Atlaide ar PALDIES karti" class="tag tag-soap-2 " style="background-image: url('/uploads/sale/atlaide-ar-paldies-karti-7358.png');                     ">
                </div>
                                                                            
                                <div data-alt="CENU LĪDERI" class="tag tag-soap-29 " style="background-image: url('/uploads/sale/cenu-lideri-6010.png');                     ">
                </div>
                            
                    </div>
        <div class="tags tags_primary info_icon">
            
    <div data-alt="Preču piedāvājums atšķirīgs Maxima veikalos, ar aktuālo akcijas preču piedāvājumu aicinām iepazīties uz vietas veikalā!" class="tag i"></div>

        </div>

        <div class="info-notice">
            


                                                                            </div>

        <div class="img">
          <img alt="Hig.paketes NATURELLA ULTRA NOR.+ 20gab." src="/uploads/sale/2025/sales_page/10/31//hig-paketes-naturella-ultra-nor-20gab-00909-1031094021.png?1761896421">
        </div>
        <div class="text paldies-card      ">
            <div class="title">Hig.paketes NATURELLA ULTRA NOR.+ 20gab.</div>
            <div class="pack">
                <span class="ptitle"></span>
                <span class="price"> 0.23 €/gab</span>
            </div>
                    </div>
        <div class="infopop">
            <div class="in"><span></span>
                <div class="arrow_top"></div>
                <div class="arrow_bottom"></div>
            </div>
        </div>
    </div>
</div><div class="col-third offer-item">
    <div class="item bl_shadow product-237490 paldies-card  offer-2-l-sp-sku units-price        " data-product-id="237490" data-timeout="77" data-dates-interval="30.01.2024. - 29.04.2026." tabindex="0" role="button">
                                                    <div class="discount price with-unit-price ">
                                                                            <div class="paldies-card-icon with-unit-price">
                        <img src="/images/front/icons/paldies2-icon.png" alt="Paldies">
                    </div>
                                                                
                    <div class="t1 with-unit-price paldies-card">
            <span class="value">2</span>
            <span class="cents">49</span>
            <span class="eur">€</span>
            <span class="unit-price">33.20 €/l</span>
        </div>
                    <div class="t2">
                <span class="value">4,29</span>
                <span class="eur">€</span>
            </div>
            <div class="t3 with-unit-price">
                <span class="value">4</span>
                <span class="cents">29</span>
                <span class="eur">€</span>
                <span class="unit-price">57.20 €/l</span>            </div>
            
    <span class="vline"></span>
</div>                    		
        
        
        <div class="tags tags_primary bottom_icons">
                                                            
                                <div data-alt="Atlaide ar PALDIES karti" class="tag tag-soap-2 " style="background-image: url('/uploads/sale/atlaide-ar-paldies-karti-7358.png');                     ">
                </div>
                                                                            
                                <div data-alt="CENU LĪDERI" class="tag tag-soap-29 " style="background-image: url('/uploads/sale/cenu-lideri-6010.png');                     ">
                </div>
                            
                    </div>
        <div class="tags tags_primary info_icon">
            
    <div data-alt="Preču piedāvājums atšķirīgs Maxima veikalos, ar aktuālo akcijas preču piedāvājumu aicinām iepazīties uz vietas veikalā!" class="tag i"></div>

        </div>

        <div class="info-notice">
            


                                                                            </div>

        <div class="img">
          <img alt="Ķerm.krēms NIVEA Soft intens.mitrin.75ml" src="/uploads/sale/2025/sales_page/10/29//kerm-krems-nivea-soft-intens-mitrin-75ml-00890-1029180617.png?1761753977">
        </div>
        <div class="text paldies-card      ">
            <div class="title">Ķerm.krēms NIVEA Soft intens.mitrin.75ml</div>
            <div class="pack">
                <span class="ptitle"></span>
                <span class="price"> 57.20 €/l</span>
            </div>
                    </div>
        <div class="infopop">
            <div class="in"><span></span>
                <div class="arrow_top"></div>
                <div class="arrow_bottom"></div>
            </div>
        </div>
    </div>
</div><div class="col-third offer-item">
    <div class="item bl_shadow product-237491 paldies-card  offer-2-l-sp-sku units-price        " data-product-id="237491" data-timeout="77" data-dates-interval="16.03.2023. - 29.04.2026." tabindex="0" role="button">
                                                    <div class="discount price with-unit-price ">
                                                                            <div class="paldies-card-icon with-unit-price">
                        <img src="/images/front/icons/paldies2-icon.png" alt="Paldies">
                    </div>
                                                                
                    <div class="t1 with-unit-price paldies-card">
            <span class="value">3</span>
            <span class="cents">59</span>
            <span class="eur">€</span>
            <span class="unit-price">1.80 €/gab</span>
        </div>
                    <div class="t2">
                <span class="value">5,49</span>
                <span class="eur">€</span>
            </div>
            <div class="t3 with-unit-price">
                <span class="value">5</span>
                <span class="cents">49</span>
                <span class="eur">€</span>
                <span class="unit-price">2.75 €/gab</span>            </div>
            
    <span class="vline"></span>
</div>                    		
        
        
        <div class="tags tags_primary bottom_icons">
                                                            
                                <div data-alt="Atlaide ar PALDIES karti" class="tag tag-soap-2 " style="background-image: url('/uploads/sale/atlaide-ar-paldies-karti-7358.png');                     ">
                </div>
                                                                            
                                <div data-alt="CENU LĪDERI" class="tag tag-soap-29 " style="background-image: url('/uploads/sale/cenu-lideri-6010.png');                     ">
                </div>
                            
                    </div>
        <div class="tags tags_primary info_icon">
            
    <div data-alt="Preču piedāvājums atšķirīgs Maxima veikalos, ar aktuālo akcijas preču piedāvājumu aicinām iepazīties uz vietas veikalā!" class="tag i"></div>

        </div>

        <div class="info-notice">
            


                                                                            </div>

        <div class="img">
          <img alt="Papīra dvieļi ZEWA W&amp;W Design 2 ruļļi" src="/uploads/sale/2025/sales_page/10/29//papira-dvieli-zewa-w-w-design-2-rulli-00891-0210093518.png?1770708918">
        </div>
        <div class="text paldies-card      ">
            <div class="title">Papīra dvieļi ZEWA W&amp;W Design 2 ruļļi</div>
            <div class="pack">
                <span class="ptitle"></span>
                <span class="price"> 2.75 €/gab</span>
            </div>
                    </div>
        <div class="infopop">
            <div class="in"><span></span>
                <div class="arrow_top"></div>
                <div class="arrow_bottom"></div>
            </div>
        </div>
    </div>
</div><div class="col-third offer-item">
    <div class="item bl_shadow product-237626 paldies-card  offer-2-l-sp-sku units-price        " data-product-id="237626" data-timeout="77" data-dates-interval="30.10.2025. - 29.04.2026." tabindex="0" role="button">
                                                    <div class="discount price with-unit-price ">
                                                                            <div class="paldies-card-icon with-unit-price">
                        <img src="/images/front/icons/paldies2-icon.png" alt="Paldies">
                    </div>
                                                                
                    <div class="t1 with-unit-price paldies-card">
            <span class="value">3</span>
            <span class="cents">79</span>
            <span class="eur">€</span>
            <span class="unit-price">18.95 €/l</span>
        </div>
                    <div class="t2">
                <span class="value">6,29</span>
                <span class="eur">€</span>
            </div>
            <div class="t3 with-unit-price">
                <span class="value">6</span>
                <span class="cents">29</span>
                <span class="eur">€</span>
                <span class="unit-price">31.45 €/l</span>            </div>
            
    <span class="vline"></span>
</div>                    		
        
        
        <div class="tags tags_primary bottom_icons">
                                                            
                                <div data-alt="Atlaide ar PALDIES karti" class="tag tag-soap-2 " style="background-image: url('/uploads/sale/atlaide-ar-paldies-karti-7358.png');                     ">
                </div>
                                                                            
                                <div data-alt="CENU LĪDERI" class="tag tag-soap-29 " style="background-image: url('/uploads/sale/cenu-lideri-6010.png');                     ">
                </div>
                            
                    </div>
        <div class="tags tags_primary info_icon">
            
    <div data-alt="Preču piedāvājums atšķirīgs Maxima veikalos, ar aktuālo akcijas preču piedāvājumu aicinām iepazīties uz vietas veikalā!" class="tag i"></div>

        </div>

        <div class="info-notice">
            


                                                                            </div>

        <div class="img">
          <img alt="Skūšanās žel.GILLETTE SENSITIVE 200ml" src="/uploads/sale/2025/sales_page/10/31//skusanas-zel-gillette-sensitive-200ml-00892-1031094030.png?1761896430">
        </div>
        <div class="text paldies-card      ">
            <div class="title">Skūšanās žel.GILLETTE SENSITIVE 200ml</div>
            <div class="pack">
                <span class="ptitle"></span>
                <span class="price"> 31.45 €/l</span>
            </div>
                    </div>
        <div class="infopop">
            <div class="in"><span></span>
                <div class="arrow_top"></div>
                <div class="arrow_bottom"></div>
            </div>
        </div>
    </div>
</div><div class="col-third offer-item">
    <div class="item bl_shadow product-237627 paldies-card  offer-2-l-sp-sku units-price        " data-product-id="237627" data-timeout="77" data-dates-interval="30.10.2025. - 29.04.2026." tabindex="0" role="button">
                                                    <div class="discount price with-unit-price ">
                                                                            <div class="paldies-card-icon with-unit-price">
                        <img src="/images/front/icons/paldies2-icon.png" alt="Paldies">
                    </div>
                                                                                                                                
                    <div class="t1 with-unit-price paldies-card">
            <span class="value">1</span>
            <span class="cents">99</span>
            <span class="eur">€</span>
            <span class="unit-price">1.99 €/gab</span>
        </div>
                    <div class="t2">
                <span class="value">3,39</span>
                <span class="eur">€</span>
            </div>
            <div class="t3 with-unit-price">
                <span class="value">3</span>
                <span class="cents">39</span>
                <span class="eur">€</span>
                <span class="unit-price">3.39 €/gab</span>            </div>
            
    <span class="vline"></span>
</div>                    		
        
        
        <div class="tags tags_primary bottom_icons">
                                                            
                                <div data-alt="Atlaide ar PALDIES karti" class="tag tag-soap-2 " style="background-image: url('/uploads/sale/atlaide-ar-paldies-karti-7358.png');                     ">
                </div>
                                                                            
                                <div data-alt="Prece pieejama MAXIMA XX veikalos" class="tag tag-soap-3 tag-shops" style="background-image: url('/uploads/sale/piedavajums-speka-maxima-xx-veikalos-6057.png');                     ">
                </div>
                                                                            
                                <div data-alt="Prece pieejama MAXIMA XXX veikalos" class="tag tag-soap-4 tag-shops" style="background-image: url('/uploads/sale/piedavajums-speka-maxima-xxx-veikalos-3117.png');                     ">
                </div>
                                                                            
                                <div data-alt="CENU LĪDERI" class="tag tag-soap-29 " style="background-image: url('/uploads/sale/cenu-lideri-6010.png');                     ">
                </div>
                            
                    </div>
        <div class="tags tags_primary info_icon">
            
    <div data-alt="Preču piedāvājums atšķirīgs Maxima veikalos, ar aktuālo akcijas preču piedāvājumu aicinām iepazīties uz vietas veikalā!" class="tag i"></div>

        </div>

        <div class="info-notice">
            


                                                                                                                                    </div>

        <div class="img">
          <img alt="Zobu birste ORAL-B STAGES3 SOFT bērniem" src="/uploads/sale/2025/sales_page/10/31//zobu-birste-oral-b-stages3-soft-berniem-00893-1031094030.png?1761896430">
        </div>
        <div class="text paldies-card      ">
            <div class="title">Zobu birste ORAL-B STAGES3 SOFT bērniem</div>
            <div class="pack">
                <span class="ptitle"></span>
                <span class="price"> 3.39 €/gab</span>
            </div>
                    </div>
        <div class="infopop">
            <div class="in"><span></span>
                <div class="arrow_top"></div>
                <div class="arrow_bottom"></div>
            </div>
        </div>
    </div>
</div><div class="col-third offer-item">
    <div class="item bl_shadow product-237629 paldies-card  offer-2-l-sp-sku units-price        " data-product-id="237629" data-timeout="77" data-dates-interval="30.10.2025. - 29.04.2026." tabindex="0" role="button">
                                                    <div class="discount price with-unit-price ">
                                                                            <div class="paldies-card-icon with-unit-price">
                        <img src="/images/front/icons/paldies2-icon.png" alt="Paldies">
                    </div>
                                                                                                                                
                    <div class="t1 with-unit-price paldies-card">
            <span class="value">5</span>
            <span class="cents">99</span>
            <span class="eur">€</span>
            <span class="unit-price">23.96 €/l</span>
        </div>
                    <div class="t2">
                <span class="value">8,59</span>
                <span class="eur">€</span>
            </div>
            <div class="t3 with-unit-price">
                <span class="value">8</span>
                <span class="cents">59</span>
                <span class="eur">€</span>
                <span class="unit-price">34.36 €/l</span>            </div>
            
    <span class="vline"></span>
</div>                    		
        
        
        <div class="tags tags_primary bottom_icons">
                                                            
                                <div data-alt="Atlaide ar PALDIES karti" class="tag tag-soap-2 " style="background-image: url('/uploads/sale/atlaide-ar-paldies-karti-7358.png');                     ">
                </div>
                                                                            
                                <div data-alt="Prece pieejama MAXIMA XX veikalos" class="tag tag-soap-3 tag-shops" style="background-image: url('/uploads/sale/piedavajums-speka-maxima-xx-veikalos-6057.png');                     ">
                </div>
                                                                            
                                <div data-alt="Prece pieejama MAXIMA XXX veikalos" class="tag tag-soap-4 tag-shops" style="background-image: url('/uploads/sale/piedavajums-speka-maxima-xxx-veikalos-3117.png');                     ">
                </div>
                                                                            
                                <div data-alt="CENU LĪDERI" class="tag tag-soap-29 " style="background-image: url('/uploads/sale/cenu-lideri-6010.png');                     ">
                </div>
                            
                    </div>
        <div class="tags tags_primary info_icon">
            
    <div data-alt="Preču piedāvājums atšķirīgs Maxima veikalos, ar aktuālo akcijas preču piedāvājumu aicinām iepazīties uz vietas veikalā!" class="tag i"></div>

        </div>

        <div class="info-notice">
            


                                                                                                                                    </div>

        <div class="img">
          <img alt="Gaisa ats.rez.AIRWICK FM Orange fl.250ml" src="/uploads/sale/2025/sales_page/10/31//gaisa-ats-rez-airwick-fm-orange-fl-250ml-00898-1031094030.png?1761896430">
        </div>
        <div class="text paldies-card      ">
            <div class="title">Gaisa ats.rez.AIRWICK FM Orange fl.250ml</div>
            <div class="pack">
                <span class="ptitle"></span>
                <span class="price"> 34.36 €/l</span>
            </div>
                    </div>
        <div class="infopop">
            <div class="in"><span></span>
                <div class="arrow_top"></div>
                <div class="arrow_bottom"></div>
            </div>
        </div>
    </div>
</div><div class="col-third offer-item">
    <div class="item bl_shadow product-237630 paldies-card  offer-2-l-sp-sku units-price        " data-product-id="237630" data-timeout="77" data-dates-interval="30.10.2025. - 29.04.2026." tabindex="0" role="button">
                                                    <div class="discount price with-unit-price ">
                                                                            <div class="paldies-card-icon with-unit-price">
                        <img src="/images/front/icons/paldies2-icon.png" alt="Paldies">
                    </div>
                                                                                                
                    <div class="t1 with-unit-price paldies-card">
            <span class="value">5</span>
            <span class="cents">99</span>
            <span class="eur">€</span>
            <span class="unit-price">23.96 €/l</span>
        </div>
                    <div class="t2">
                <span class="value">8,59</span>
                <span class="eur">€</span>
            </div>
            <div class="t3 with-unit-price">
                <span class="value">8</span>
                <span class="cents">59</span>
                <span class="eur">€</span>
                <span class="unit-price">34.36 €/l</span>            </div>
            
    <span class="vline"></span>
</div>                    		
        
        
        <div class="tags tags_primary bottom_icons">
                                                            
                                <div data-alt="Atlaide ar PALDIES karti" class="tag tag-soap-2 " style="background-image: url('/uploads/sale/atlaide-ar-paldies-karti-7358.png');                     ">
                </div>
                                                                            
                                <div data-alt="Prece pieejama MAXIMA XXX veikalos" class="tag tag-soap-4 tag-shops" style="background-image: url('/uploads/sale/piedavajums-speka-maxima-xxx-veikalos-3117.png');                     ">
                </div>
                                                                            
                                <div data-alt="CENU LĪDERI" class="tag tag-soap-29 " style="background-image: url('/uploads/sale/cenu-lideri-6010.png');                     ">
                </div>
                            
                    </div>
        <div class="tags tags_primary info_icon">
            
    <div data-alt="Preču piedāvājums atšķirīgs Maxima veikalos, ar aktuālo akcijas preču piedāvājumu aicinām iepazīties uz vietas veikalā!" class="tag i"></div>

        </div>

        <div class="info-notice">
            


                                                                                                        </div>

        <div class="img">
          <img alt="Gaisa ats.rez.AIRWICK FM White fl. 250ml" src="/uploads/sale/2025/sales_page/10/31//gaisa-ats-rez-airwick-fm-white-fl-250ml-00899-1031094030.png?1761896430">
        </div>
        <div class="text paldies-card      ">
            <div class="title">Gaisa ats.rez.AIRWICK FM White fl. 250ml</div>
            <div class="pack">
                <span class="ptitle"></span>
                <span class="price"> 34.36 €/l</span>
            </div>
                    </div>
        <div class="infopop">
            <div class="in"><span></span>
                <div class="arrow_top"></div>
                <div class="arrow_bottom"></div>
            </div>
        </div>
    </div>
</div><div class="col-third offer-item">
    <div class="item bl_shadow product-237495 paldies-card  offer-2-l-sp-sku units-price        " data-product-id="237495" data-timeout="77" data-dates-interval="30.07.2024. - 29.04.2026." tabindex="0" role="button">
                                                    <div class="discount price with-unit-price ">
                                                                            <div class="paldies-card-icon with-unit-price">
                        <img src="/images/front/icons/paldies2-icon.png" alt="Paldies">
                    </div>
                                                                                                                                
                    <div class="t1 with-unit-price paldies-card">
            <span class="value">1</span>
            <span class="cents">39</span>
            <span class="eur">€</span>
            <span class="unit-price">2.78 €/l</span>
        </div>
                    <div class="t2">
                <span class="value">1,89</span>
                <span class="eur">€</span>
            </div>
            <div class="t3 with-unit-price">
                <span class="value">1</span>
                <span class="cents">89</span>
                <span class="eur">€</span>
                <span class="unit-price">3.78 €/l</span>            </div>
            
    <span class="vline"></span>
</div>                    		
        
        
        <div class="tags tags_primary bottom_icons">
                                                            
                                <div data-alt="Atlaide ar PALDIES karti" class="tag tag-soap-2 " style="background-image: url('/uploads/sale/atlaide-ar-paldies-karti-7358.png');                     ">
                </div>
                                                                            
                                <div data-alt="Prece pieejama MAXIMA XX veikalos" class="tag tag-soap-3 tag-shops" style="background-image: url('/uploads/sale/piedavajums-speka-maxima-xx-veikalos-6057.png');                     ">
                </div>
                                                                            
                                <div data-alt="Prece pieejama MAXIMA XXX veikalos" class="tag tag-soap-4 tag-shops" style="background-image: url('/uploads/sale/piedavajums-speka-maxima-xxx-veikalos-3117.png');                     ">
                </div>
                                                                            
                                <div data-alt="CENU LĪDERI" class="tag tag-soap-29 " style="background-image: url('/uploads/sale/cenu-lideri-6010.png');                     ">
                </div>
                            
                    </div>
        <div class="tags tags_primary info_icon">
            
    <div data-alt="Preču piedāvājums atšķirīgs Maxima veikalos, ar aktuālo akcijas preču piedāvājumu aicinām iepazīties uz vietas veikalā!" class="tag i"></div>

        </div>

        <div class="info-notice">
            


                                                                                                                                    </div>

        <div class="img">
          <img alt="Trauku mazg.līdz.MAYERI Sensitive 500ml" src="/uploads/sale/2025/sales_page/10/29//trauku-mazg-lidz-mayeri-sensitive-500ml-00900-1029180147.png?1761753707">
        </div>
        <div class="text paldies-card      ">
            <div class="title">Trauku mazg.līdz.MAYERI Sensitive 500ml</div>
            <div class="pack">
                <span class="ptitle"></span>
                <span class="price"> 3.78 €/l</span>
            </div>
                    </div>
        <div class="infopop">
            <div class="in"><span></span>
                <div class="arrow_top"></div>
                <div class="arrow_bottom"></div>
            </div>
        </div>
    </div>
</div><div class="col-third offer-item">
    <div class="item bl_shadow product-237573 paldies-card  offer-2-l-sp-sku units-price        " data-product-id="237573" data-timeout="77" data-dates-interval="30.10.2025. - 29.04.2026." tabindex="0" role="button">
                                                    <div class="discount price with-unit-price ">
                                                                            <div class="paldies-card-icon with-unit-price">
                        <img src="/images/front/icons/paldies2-icon.png" alt="Paldies">
                    </div>
                                                                
                    <div class="t1 with-unit-price paldies-card">
            <span class="value">2</span>
            <span class="cents">29</span>
            <span class="eur">€</span>
            <span class="unit-price">477.08 €/kg</span>
        </div>
                    <div class="t2">
                <span class="value">3,89</span>
                <span class="eur">€</span>
            </div>
            <div class="t3 with-unit-price">
                <span class="value">3</span>
                <span class="cents">89</span>
                <span class="eur">€</span>
                <span class="unit-price">810.42 €/kg</span>            </div>
            
    <span class="vline"></span>
</div>                    		
        
        
        <div class="tags tags_primary bottom_icons">
                                                            
                                <div data-alt="Atlaide ar PALDIES karti" class="tag tag-soap-2 " style="background-image: url('/uploads/sale/atlaide-ar-paldies-karti-7358.png');                     ">
                </div>
                                                                            
                                <div data-alt="CENU LĪDERI" class="tag tag-soap-29 " style="background-image: url('/uploads/sale/cenu-lideri-6010.png');                     ">
                </div>
                            
                    </div>
        <div class="tags tags_primary info_icon">
            
    <div data-alt="Preču piedāvājums atšķirīgs Maxima veikalos, ar aktuālo akcijas preču piedāvājumu aicinām iepazīties uz vietas veikalā!" class="tag i"></div>

        </div>

        <div class="info-notice">
            


                                                                            </div>

        <div class="img">
          <img alt="Lūpu balzams NIVEA ESSENTIAL 4,8g" src="/uploads/sale/2025/sales_page/10/31//lupu-balzams-nivea-essential-4-8g-00901-0210090017.png?1770706817">
        </div>
        <div class="text paldies-card      ">
            <div class="title">Lūpu balzams NIVEA ESSENTIAL 4,8g</div>
            <div class="pack">
                <span class="ptitle"></span>
                <span class="price"> 810.42 €/kg</span>
            </div>
                    </div>
        <div class="infopop">
            <div class="in"><span></span>
                <div class="arrow_top"></div>
                <div class="arrow_bottom"></div>
            </div>
        </div>
    </div>
</div><div class="col-third offer-item">
    <div class="item bl_shadow product-237496 paldies-card  offer-2-l-sp-sku units-price        " data-product-id="237496" data-timeout="77" data-dates-interval="30.10.2025. - 29.04.2026." tabindex="0" role="button">
                                                    <div class="discount price with-unit-price ">
                                                                            <div class="paldies-card-icon with-unit-price">
                        <img src="/images/front/icons/paldies2-icon.png" alt="Paldies">
                    </div>
                                                                                                                                
                    <div class="t1 with-unit-price paldies-card">
            <span class="value">3</span>
            <span class="cents">99</span>
            <span class="eur">€</span>
            <span class="unit-price">5.32 €/l</span>
        </div>
                    <div class="t2">
                <span class="value">6,69</span>
                <span class="eur">€</span>
            </div>
            <div class="t3 with-unit-price">
                <span class="value">6</span>
                <span class="cents">69</span>
                <span class="eur">€</span>
                <span class="unit-price">8.92 €/l</span>            </div>
            
    <span class="vline"></span>
</div>                    		
        
        
        <div class="tags tags_primary bottom_icons">
                                                            
                                <div data-alt="Atlaide ar PALDIES karti" class="tag tag-soap-2 " style="background-image: url('/uploads/sale/atlaide-ar-paldies-karti-7358.png');                     ">
                </div>
                                                                            
                                <div data-alt="Prece pieejama MAXIMA XX veikalos" class="tag tag-soap-3 tag-shops" style="background-image: url('/uploads/sale/piedavajums-speka-maxima-xx-veikalos-6057.png');                     ">
                </div>
                                                                            
                                <div data-alt="Prece pieejama MAXIMA XXX veikalos" class="tag tag-soap-4 tag-shops" style="background-image: url('/uploads/sale/piedavajums-speka-maxima-xxx-veikalos-3117.png');                     ">
                </div>
                                                                            
                                <div data-alt="CENU LĪDERI" class="tag tag-soap-29 " style="background-image: url('/uploads/sale/cenu-lideri-6010.png');                     ">
                </div>
                            
                    </div>
        <div class="tags tags_primary info_icon">
            
    <div data-alt="Preču piedāvājums atšķirīgs Maxima veikalos, ar aktuālo akcijas preču piedāvājumu aicinām iepazīties uz vietas veikalā!" class="tag i"></div>

        </div>

        <div class="info-notice">
            


                                                                                                                                    </div>

        <div class="img">
          <img alt="Tīr.līdz. SANO Forte Plus plītij 750ml" src="/uploads/sale/2025/sales_page/10/29//tir-lidz-sano-forte-plus-plitij-750ml-00902-1029180617.png?1761753977">
        </div>
        <div class="text paldies-card      ">
            <div class="title">Tīr.līdz. SANO Forte Plus plītij 750ml</div>
            <div class="pack">
                <span class="ptitle"></span>
                <span class="price"> 8.92 €/l</span>
            </div>
                    </div>
        <div class="infopop">
            <div class="in"><span></span>
                <div class="arrow_top"></div>
                <div class="arrow_bottom"></div>
            </div>
        </div>
    </div>
</div><div class="col-third offer-item">
    <div class="item bl_shadow product-237497 paldies-card  offer-2-l-sp-sku units-price        " data-product-id="237497" data-timeout="77" data-dates-interval="20.06.2023. - 29.04.2026." tabindex="0" role="button">
                                                    <div class="discount price with-unit-price ">
                                                                            <div class="paldies-card-icon with-unit-price">
                        <img src="/images/front/icons/paldies2-icon.png" alt="Paldies">
                    </div>
                                                                
                    <div class="t1 with-unit-price paldies-card">
            <span class="value">3</span>
            <span class="cents">99</span>
            <span class="eur">€</span>
            <span class="unit-price">0.25 €/gab</span>
        </div>
                    <div class="t2">
                <span class="value">5,69</span>
                <span class="eur">€</span>
            </div>
            <div class="t3 with-unit-price">
                <span class="value">5</span>
                <span class="cents">69</span>
                <span class="eur">€</span>
                <span class="unit-price">0.36 €/gab</span>            </div>
            
    <span class="vline"></span>
</div>                    		
        
        
        <div class="tags tags_primary bottom_icons">
                                                            
                                <div data-alt="Atlaide ar PALDIES karti" class="tag tag-soap-2 " style="background-image: url('/uploads/sale/atlaide-ar-paldies-karti-7358.png');                     ">
                </div>
                                                                            
                                <div data-alt="CENU LĪDERI" class="tag tag-soap-29 " style="background-image: url('/uploads/sale/cenu-lideri-6010.png');                     ">
                </div>
                            
                    </div>
        <div class="tags tags_primary info_icon">
            
    <div data-alt="Preču piedāvājums atšķirīgs Maxima veikalos, ar aktuālo akcijas preču piedāvājumu aicinām iepazīties uz vietas veikalā!" class="tag i"></div>

        </div>

        <div class="info-notice">
            


                                                                            </div>

        <div class="img">
          <img alt="Hig.tamponi TAMPAX COMPAK SUPER 16gab." src="/uploads/sale/2025/sales_page/10/29//hig-tamponi-tampax-compak-super-16gab-00903-1029180622.png?1761753982">
        </div>
        <div class="text paldies-card      ">
            <div class="title">Hig.tamponi TAMPAX COMPAK SUPER 16gab.</div>
            <div class="pack">
                <span class="ptitle"></span>
                <span class="price"> 0.36 €/gab</span>
            </div>
                    </div>
        <div class="infopop">
            <div class="in"><span></span>
                <div class="arrow_top"></div>
                <div class="arrow_bottom"></div>
            </div>
        </div>
    </div>
</div><div class="col-third offer-item">
    <div class="item bl_shadow product-237574 paldies-card  offer-2-l-sp-sku units-price        " data-product-id="237574" data-timeout="77" data-dates-interval="30.10.2025. - 29.04.2026." tabindex="0" role="button">
                                                    <div class="discount price with-unit-price ">
                                                                            <div class="paldies-card-icon with-unit-price">
                        <img src="/images/front/icons/paldies2-icon.png" alt="Paldies">
                    </div>
                                                                                                
                    <div class="t1 with-unit-price paldies-card">
            <span class="value">1</span>
            <span class="cents">99</span>
            <span class="eur">€</span>
            <span class="unit-price">1.99 €/gab</span>
        </div>
                    <div class="t2">
                <span class="value">3,29</span>
                <span class="eur">€</span>
            </div>
            <div class="t3 with-unit-price">
                <span class="value">3</span>
                <span class="cents">29</span>
                <span class="eur">€</span>
                <span class="unit-price">3.29 €/gab</span>            </div>
            
    <span class="vline"></span>
</div>                    		
        
        
        <div class="tags tags_primary bottom_icons">
                                                            
                                <div data-alt="Atlaide ar PALDIES karti" class="tag tag-soap-2 " style="background-image: url('/uploads/sale/atlaide-ar-paldies-karti-7358.png');                     ">
                </div>
                                                                            
                                <div data-alt="Mazuļu klubs" class="tag tag-soap-8 " style="background-image: url('/uploads/sale/mazulu-klubs-3549.png');                     ">
                </div>
                                                                            
                                <div data-alt="CENU LĪDERI" class="tag tag-soap-29 " style="background-image: url('/uploads/sale/cenu-lideri-6010.png');                     ">
                </div>
                            
                    </div>
        <div class="tags tags_primary info_icon">
            
    <div data-alt="Preču piedāvājums atšķirīgs Maxima veikalos, ar aktuālo akcijas preču piedāvājumu aicinām iepazīties uz vietas veikalā!" class="tag i"></div>

        </div>

        <div class="info-notice">
            


                                                                                                        </div>

        <div class="img">
          <img alt="Zobu birste JORDAN STEP1 0–2gadiem" src="/uploads/sale/2025/sales_page/10/31//zobu-birste-jordan-step1-0-2gadiem-00904-1031094021.png?1761896421">
        </div>
        <div class="text paldies-card      ">
            <div class="title">Zobu birste JORDAN STEP1 0–2gadiem</div>
            <div class="pack">
                <span class="ptitle"></span>
                <span class="price"> 3.29 €/gab</span>
            </div>
                    </div>
        <div class="infopop">
            <div class="in"><span></span>
                <div class="arrow_top"></div>
                <div class="arrow_bottom"></div>
            </div>
        </div>
    </div>
</div><div class="col-third offer-item">
    <div class="item bl_shadow product-237575 paldies-card  offer-2-l-sp-sku units-price        " data-product-id="237575" data-timeout="77" data-dates-interval="30.10.2025. - 29.04.2026." tabindex="0" role="button">
                                                    <div class="discount price with-unit-price ">
                                                                            <div class="paldies-card-icon with-unit-price">
                        <img src="/images/front/icons/paldies2-icon.png" alt="Paldies">
                    </div>
                                                                
                    <div class="t1 with-unit-price paldies-card">
            <span class="value">1</span>
            <span class="cents">99</span>
            <span class="eur">€</span>
            <span class="unit-price">0.50 €/gab</span>
        </div>
                    <div class="t2">
                <span class="value">3,49</span>
                <span class="eur">€</span>
            </div>
            <div class="t3 with-unit-price">
                <span class="value">3</span>
                <span class="cents">49</span>
                <span class="eur">€</span>
                <span class="unit-price">0.87 €/gab</span>            </div>
            
    <span class="vline"></span>
</div>                    		
        
        
        <div class="tags tags_primary bottom_icons">
                                                            
                                <div data-alt="Atlaide ar PALDIES karti" class="tag tag-soap-2 " style="background-image: url('/uploads/sale/atlaide-ar-paldies-karti-7358.png');                     ">
                </div>
                                                                            
                                <div data-alt="CENU LĪDERI" class="tag tag-soap-29 " style="background-image: url('/uploads/sale/cenu-lideri-6010.png');                     ">
                </div>
                            
                    </div>
        <div class="tags tags_primary info_icon">
            
    <div data-alt="Preču piedāvājums atšķirīgs Maxima veikalos, ar aktuālo akcijas preču piedāvājumu aicinām iepazīties uz vietas veikalā!" class="tag i"></div>

        </div>

        <div class="info-notice">
            


                                                                            </div>

        <div class="img">
          <img alt="Vienr.skuvekļi BIC 3 SENSITIVE 4gab." src="/uploads/sale/2025/sales_page/10/31//vienr-skuvekli-bic-3-sensitive-4gab-00905-1031094021.png?1761896421">
        </div>
        <div class="text paldies-card      ">
            <div class="title">Vienr.skuvekļi BIC 3 SENSITIVE 4gab.</div>
            <div class="pack">
                <span class="ptitle"></span>
                <span class="price"> 0.87 €/gab</span>
            </div>
                    </div>
        <div class="infopop">
            <div class="in"><span></span>
                <div class="arrow_top"></div>
                <div class="arrow_bottom"></div>
            </div>
        </div>
    </div>
</div><div class="col-third offer-item">
    <div class="item bl_shadow product-237498 paldies-card  offer-2-l-sp-sku units-price        " data-product-id="237498" data-timeout="77" data-dates-interval="30.01.2025. - 29.04.2026." tabindex="0" role="button">
                                                    <div class="discount price with-unit-price ">
                                                                            <div class="paldies-card-icon with-unit-price">
                        <img src="/images/front/icons/paldies2-icon.png" alt="Paldies">
                    </div>
                                                                
                    <div class="t1 with-unit-price paldies-card">
            <span class="value">1</span>
            <span class="cents">99</span>
            <span class="eur">€</span>
            <span class="unit-price">0.40 €/gab</span>
        </div>
                    <div class="t2">
                <span class="value">3,39</span>
                <span class="eur">€</span>
            </div>
            <div class="t3 with-unit-price">
                <span class="value">3</span>
                <span class="cents">39</span>
                <span class="eur">€</span>
                <span class="unit-price">0.68 €/gab</span>            </div>
            
    <span class="vline"></span>
</div>                    		
        
        
        <div class="tags tags_primary bottom_icons">
                                                            
                                <div data-alt="Atlaide ar PALDIES karti" class="tag tag-soap-2 " style="background-image: url('/uploads/sale/atlaide-ar-paldies-karti-7358.png');                     ">
                </div>
                                                                            
                                <div data-alt="CENU LĪDERI" class="tag tag-soap-29 " style="background-image: url('/uploads/sale/cenu-lideri-6010.png');                     ">
                </div>
                            
                    </div>
        <div class="tags tags_primary info_icon">
            
    <div data-alt="Preču piedāvājums atšķirīgs Maxima veikalos, ar aktuālo akcijas preču piedāvājumu aicinām iepazīties uz vietas veikalā!" class="tag i"></div>

        </div>

        <div class="info-notice">
            


                                                                            </div>

        <div class="img">
          <img alt="Vienr.skuvekļi BIC Twin Lady 5gab." src="/uploads/sale/2025/sales_page/10/29//vienr-skuvekli-bic-twin-lady-5gab-00906-1029180622.png?1761753982">
        </div>
        <div class="text paldies-card      ">
            <div class="title">Vienr.skuvekļi BIC Twin Lady 5gab.</div>
            <div class="pack">
                <span class="ptitle"></span>
                <span class="price"> 0.68 €/gab</span>
            </div>
                    </div>
        <div class="infopop">
            <div class="in"><span></span>
                <div class="arrow_top"></div>
                <div class="arrow_bottom"></div>
            </div>
        </div>
    </div>
</div><div class="col-third offer-item">
    <div class="item bl_shadow product-237500 paldies-card  offer-2-l-sp-sku units-price        " data-product-id="237500" data-timeout="77" data-dates-interval="30.01.2024. - 29.04.2026." tabindex="0" role="button">
                                                    <div class="discount price with-unit-price ">
                                                                            <div class="paldies-card-icon with-unit-price">
                        <img src="/images/front/icons/paldies2-icon.png" alt="Paldies">
                    </div>
                                                                
                    <div class="t1 with-unit-price paldies-card">
            <span class="value">2</span>
            <span class="cents">79</span>
            <span class="eur">€</span>
            <span class="unit-price">55.80 €/l</span>
        </div>
                    <div class="t2">
                <span class="value">2,99</span>
                <span class="eur">€</span>
            </div>
            <div class="t3 with-unit-price">
                <span class="value">2</span>
                <span class="cents">99</span>
                <span class="eur">€</span>
                <span class="unit-price">59.80 €/l</span>            </div>
            
    <span class="vline"></span>
</div>                    		
        
        
        <div class="tags tags_primary bottom_icons">
                                                            
                                <div data-alt="Atlaide ar PALDIES karti" class="tag tag-soap-2 " style="background-image: url('/uploads/sale/atlaide-ar-paldies-karti-7358.png');                     ">
                </div>
                                                                            
                                <div data-alt="CENU LĪDERI" class="tag tag-soap-29 " style="background-image: url('/uploads/sale/cenu-lideri-6010.png');                     ">
                </div>
                            
                    </div>
        <div class="tags tags_primary info_icon">
            
    <div data-alt="Preču piedāvājums atšķirīgs Maxima veikalos, ar aktuālo akcijas preču piedāvājumu aicinām iepazīties uz vietas veikalā!" class="tag i"></div>

        </div>

        <div class="info-notice">
            


                                                                            </div>

        <div class="img">
          <img alt="Dezod.NIVEA PEARL&amp;BEAUTY rull.siev.50ml" src="/uploads/sale/2025/sales_page/10/29//dezod-nivea-pearl-beauty-rull-siev-50ml-00908-0210091518.png?1770707718">
        </div>
        <div class="text paldies-card      ">
            <div class="title">Dezod.NIVEA PEARL&amp;BEAUTY rull.siev.50ml</div>
            <div class="pack">
                <span class="ptitle"></span>
                <span class="price"> 59.80 €/l</span>
            </div>
                    </div>
        <div class="infopop">
            <div class="in"><span></span>
                <div class="arrow_top"></div>
                <div class="arrow_bottom"></div>
            </div>
        </div>
    </div>
</div><div class="col-third offer-item">
    <div class="item bl_shadow product-237576 paldies-card  offer-2-l-sp-sku units-price        " data-product-id="237576" data-timeout="77" data-dates-interval="30.10.2025. - 29.04.2026." tabindex="0" role="button">
                                                    <div class="discount price with-unit-price ">
                                                                            <div class="paldies-card-icon with-unit-price">
                        <img src="/images/front/icons/paldies2-icon.png" alt="Paldies">
                    </div>
                                                                
                    <div class="t1 with-unit-price paldies-card">
            <span class="value">2</span>
            <span class="cents">99</span>
            <span class="eur">€</span>
            <span class="unit-price">0.15 €/gab</span>
        </div>
                    <div class="t2">
                <span class="value">4,69</span>
                <span class="eur">€</span>
            </div>
            <div class="t3 with-unit-price">
                <span class="value">4</span>
                <span class="cents">69</span>
                <span class="eur">€</span>
                <span class="unit-price">0.23 €/gab</span>            </div>
            
    <span class="vline"></span>
</div>                    		
        
        
        <div class="tags tags_primary bottom_icons">
                                                            
                                <div data-alt="Atlaide ar PALDIES karti" class="tag tag-soap-2 " style="background-image: url('/uploads/sale/atlaide-ar-paldies-karti-7358.png');                     ">
                </div>
                                                                            
                                <div data-alt="CENU LĪDERI" class="tag tag-soap-29 " style="background-image: url('/uploads/sale/cenu-lideri-6010.png');                     ">
                </div>
                            
                    </div>
        <div class="tags tags_primary info_icon">
            
    <div data-alt="Preču piedāvājums atšķirīgs Maxima veikalos, ar aktuālo akcijas preču piedāvājumu aicinām iepazīties uz vietas veikalā!" class="tag i"></div>

        </div>

        <div class="info-notice">
            


                                                                            </div>

        <div class="img">
          <img alt="Hig.paketes NATURELLA ULTRA NOR.+ 20gab." src="/uploads/sale/2025/sales_page/10/31//hig-paketes-naturella-ultra-nor-20gab-00909-1031094021.png?1761896421">
        </div>
        <div class="text paldies-card      ">
            <div class="title">Hig.paketes NATURELLA ULTRA NOR.+ 20gab.</div>
            <div class="pack">
                <span class="ptitle"></span>
                <span class="price"> 0.23 €/gab</span>
            </div>
                    </div>
        <div class="infopop">
            <div class="in"><span></span>
                <div class="arrow_top"></div>
                <div class="arrow_bottom"></div>
            </div>
        </div>
    </div>
</div><div class="col-third offer-item">
    <div class="item bl_shadow product-237646 paldies-card  offer-2-l-sp-sku units-price        " data-product-id="237646" data-timeout="77" data-dates-interval="30.10.2025. - 29.04.2026." tabindex="0" role="button">
                                                    <div class="discount price with-unit-price ">
                                                                            <div class="paldies-card-icon with-unit-price">
                        <img src="/images/front/icons/paldies2-icon.png" alt="Paldies">
                    </div>
                                                                                                                                
                    <div class="t1 with-unit-price paldies-card">
            <span class="value">5</span>
            <span class="cents">49</span>
            <span class="eur">€</span>
            <span class="unit-price">73.20 €/l</span>
        </div>
                    <div class="t2">
                <span class="value">9,29</span>
                <span class="eur">€</span>
            </div>
            <div class="t3 with-unit-price">
                <span class="value">9</span>
                <span class="cents">29</span>
                <span class="eur">€</span>
                <span class="unit-price">123.87 €/l</span>            </div>
            
    <span class="vline"></span>
</div>                    		
        
        
        <div class="tags tags_primary bottom_icons">
                                                            
                                <div data-alt="Atlaide ar PALDIES karti" class="tag tag-soap-2 " style="background-image: url('/uploads/sale/atlaide-ar-paldies-karti-7358.png');                     ">
                </div>
                                                                            
                                <div data-alt="Prece pieejama MAXIMA XX veikalos" class="tag tag-soap-3 tag-shops" style="background-image: url('/uploads/sale/piedavajums-speka-maxima-xx-veikalos-6057.png');                     ">
                </div>
                                                                            
                                <div data-alt="Prece pieejama MAXIMA XXX veikalos" class="tag tag-soap-4 tag-shops" style="background-image: url('/uploads/sale/piedavajums-speka-maxima-xxx-veikalos-3117.png');                     ">
                </div>
                                                                            
                                <div data-alt="CENU LĪDERI" class="tag tag-soap-29 " style="background-image: url('/uploads/sale/cenu-lideri-6010.png');                     ">
                </div>
                            
                    </div>
        <div class="tags tags_primary info_icon">
            
    <div data-alt="Preču piedāvājums atšķirīgs Maxima veikalos, ar aktuālo akcijas preču piedāvājumu aicinām iepazīties uz vietas veikalā!" class="tag i"></div>

        </div>

        <div class="info-notice">
            


                                                                                                                                    </div>

        <div class="img">
          <img alt="Zobu pasta BLANX WHITE SHOCK 75ml" src="/uploads/sale/2025/sales_page/10/31//zobu-pasta-blanx-white-shock-75ml-00968-0210085017.png?1770706217">
        </div>
        <div class="text paldies-card      ">
            <div class="title">Zobu pasta BLANX WHITE SHOCK 75ml</div>
            <div class="pack">
                <span class="ptitle"></span>
                <span class="price"> 123.87 €/l</span>
            </div>
                    </div>
        <div class="infopop">
            <div class="in"><span></span>
                <div class="arrow_top"></div>
                <div class="arrow_bottom"></div>
            </div>
        </div>
    </div>
</div><div class="col-third offer-item">
    <div class="item bl_shadow product-237585 paldies-card  offer-2-l-sp-sku units-price        " data-product-id="237585" data-timeout="77" data-dates-interval="30.10.2025. - 29.04.2026." tabindex="0" role="button">
                                                    <div class="discount price with-unit-price ">
                                                                            <div class="paldies-card-icon with-unit-price">
                        <img src="/images/front/icons/paldies2-icon.png" alt="Paldies">
                    </div>
                                                                                                                                
                    <div class="t1 with-unit-price paldies-card">
            <span class="value">1</span>
            <span class="cents">19</span>
            <span class="eur">€</span>
            <span class="unit-price">0.10 €/gab</span>
        </div>
                    <div class="t2">
                <span class="value">1,69</span>
                <span class="eur">€</span>
            </div>
            <div class="t3 with-unit-price">
                <span class="value">1</span>
                <span class="cents">69</span>
                <span class="eur">€</span>
                <span class="unit-price">0.14 €/gab</span>            </div>
            
    <span class="vline"></span>
</div>                    		
        
        
        <div class="tags tags_primary bottom_icons">
                                                            
                                <div data-alt="Atlaide ar PALDIES karti" class="tag tag-soap-2 " style="background-image: url('/uploads/sale/atlaide-ar-paldies-karti-7358.png');                     ">
                </div>
                                                                            
                                <div data-alt="Prece pieejama MAXIMA XX veikalos" class="tag tag-soap-3 tag-shops" style="background-image: url('/uploads/sale/piedavajums-speka-maxima-xx-veikalos-6057.png');                     ">
                </div>
                                                                            
                                <div data-alt="Prece pieejama MAXIMA XXX veikalos" class="tag tag-soap-4 tag-shops" style="background-image: url('/uploads/sale/piedavajums-speka-maxima-xxx-veikalos-3117.png');                     ">
                </div>
                                                                            
                                <div data-alt="CENU LĪDERI" class="tag tag-soap-29 " style="background-image: url('/uploads/sale/cenu-lideri-6010.png');                     ">
                </div>
                            
                    </div>
        <div class="tags tags_primary info_icon">
            
    <div data-alt="Preču piedāvājums atšķirīgs Maxima veikalos, ar aktuālo akcijas preču piedāvājumu aicinām iepazīties uz vietas veikalā!" class="tag i"></div>

        </div>

        <div class="info-notice">
            


                                                                                                                                    </div>

        <div class="img">
          <img alt="Hig.paketes BELLA HERBS VERBENA 12gab." src="/uploads/sale/2025/sales_page/10/31//hig-paketes-bella-herbs-verbena-12gab-00971-1031094023.png?1761896423">
        </div>
        <div class="text paldies-card      ">
            <div class="title">Hig.paketes BELLA HERBS VERBENA 12gab.</div>
            <div class="pack">
                <span class="ptitle"></span>
                <span class="price"> 0.14 €/gab</span>
            </div>
                    </div>
        <div class="infopop">
            <div class="in"><span></span>
                <div class="arrow_top"></div>
                <div class="arrow_bottom"></div>
            </div>
        </div>
    </div>
</div><div class="col-third offer-item">
    <div class="item bl_shadow product-237586 paldies-card  offer-2-l-sp-sku units-price        " data-product-id="237586" data-timeout="77" data-dates-interval="30.10.2025. - 29.04.2026." tabindex="0" role="button">
                                                    <div class="discount price with-unit-price ">
                                                                            <div class="paldies-card-icon with-unit-price">
                        <img src="/images/front/icons/paldies2-icon.png" alt="Paldies">
                    </div>
                                                                                                                                
                    <div class="t1 with-unit-price paldies-card">
            <span class="value">2</span>
            <span class="cents">29</span>
            <span class="eur">€</span>
            <span class="unit-price">0.23 €/gab</span>
        </div>
                    <div class="t2">
                <span class="value">3,39</span>
                <span class="eur">€</span>
            </div>
            <div class="t3 with-unit-price">
                <span class="value">3</span>
                <span class="cents">39</span>
                <span class="eur">€</span>
                <span class="unit-price">0.34 €/gab</span>            </div>
            
    <span class="vline"></span>
</div>                    		
        
        
        <div class="tags tags_primary bottom_icons">
                                                            
                                <div data-alt="Atlaide ar PALDIES karti" class="tag tag-soap-2 " style="background-image: url('/uploads/sale/atlaide-ar-paldies-karti-7358.png');                     ">
                </div>
                                                                            
                                <div data-alt="Prece pieejama MAXIMA XX veikalos" class="tag tag-soap-3 tag-shops" style="background-image: url('/uploads/sale/piedavajums-speka-maxima-xx-veikalos-6057.png');                     ">
                </div>
                                                                            
                                <div data-alt="Prece pieejama MAXIMA XXX veikalos" class="tag tag-soap-4 tag-shops" style="background-image: url('/uploads/sale/piedavajums-speka-maxima-xxx-veikalos-3117.png');                     ">
                </div>
                                                                            
                                <div data-alt="CENU LĪDERI" class="tag tag-soap-29 " style="background-image: url('/uploads/sale/cenu-lideri-6010.png');                     ">
                </div>
                            
                    </div>
        <div class="tags tags_primary info_icon">
            
    <div data-alt="Preču piedāvājums atšķirīgs Maxima veikalos, ar aktuālo akcijas preču piedāvājumu aicinām iepazīties uz vietas veikalā!" class="tag i"></div>

        </div>

        <div class="info-notice">
            


                                                                                                                                    </div>

        <div class="img">
          <img alt="Higiēn.paketes LADY ANION Day Use 10gab." src="/uploads/sale/2025/sales_page/10/31//higien-paketes-lady-anion-day-use-10gab-00972-1031094023.png?1761896423">
        </div>
        <div class="text paldies-card      ">
            <div class="title">Higiēn.paketes LADY ANION Day Use 10gab.</div>
            <div class="pack">
                <span class="ptitle"></span>
                <span class="price"> 0.34 €/gab</span>
            </div>
                    </div>
        <div class="infopop">
            <div class="in"><span></span>
                <div class="arrow_top"></div>
                <div class="arrow_bottom"></div>
            </div>
        </div>
    </div>
</div><div class="col-third offer-item">
    <div class="item bl_shadow product-237563 paldies-card  offer-2-l-sp-sku units-price        " data-product-id="237563" data-timeout="77" data-dates-interval="30.10.2025. - 29.04.2026." tabindex="0" role="button">
                                                    <div class="discount price with-unit-price ">
                                                                            <div class="paldies-card-icon with-unit-price">
                        <img src="/images/front/icons/paldies2-icon.png" alt="Paldies">
                    </div>
                                                                                                                                
                    <div class="t1 with-unit-price paldies-card">
            <span class="value">2</span>
            <span class="cents">29</span>
            <span class="eur">€</span>
            <span class="unit-price">0.29 €/gab</span>
        </div>
                    <div class="t2">
                <span class="value">3,39</span>
                <span class="eur">€</span>
            </div>
            <div class="t3 with-unit-price">
                <span class="value">3</span>
                <span class="cents">39</span>
                <span class="eur">€</span>
                <span class="unit-price">0.42 €/gab</span>            </div>
            
    <span class="vline"></span>
</div>                    		
        
        
        <div class="tags tags_primary bottom_icons">
                                                            
                                <div data-alt="Atlaide ar PALDIES karti" class="tag tag-soap-2 " style="background-image: url('/uploads/sale/atlaide-ar-paldies-karti-7358.png');                     ">
                </div>
                                                                            
                                <div data-alt="Prece pieejama MAXIMA XX veikalos" class="tag tag-soap-3 tag-shops" style="background-image: url('/uploads/sale/piedavajums-speka-maxima-xx-veikalos-6057.png');                     ">
                </div>
                                                                            
                                <div data-alt="Prece pieejama MAXIMA XXX veikalos" class="tag tag-soap-4 tag-shops" style="background-image: url('/uploads/sale/piedavajums-speka-maxima-xxx-veikalos-3117.png');                     ">
                </div>
                                                                            
                                <div data-alt="CENU LĪDERI" class="tag tag-soap-29 " style="background-image: url('/uploads/sale/cenu-lideri-6010.png');                     ">
                </div>
                            
                    </div>
        <div class="tags tags_primary info_icon">
            
    <div data-alt="Preču piedāvājums atšķirīgs Maxima veikalos, ar aktuālo akcijas preču piedāvājumu aicinām iepazīties uz vietas veikalā!" class="tag i"></div>

        </div>

        <div class="info-notice">
            


                                                                                                                                    </div>

        <div class="img">
          <img alt="Hig.paketes LADY ANION Night Use 8gab." src="/uploads/sale/2025/sales_page/10/31//hig-paketes-lady-anion-night-use-8gab-00973-1031094019.png?1761896419">
        </div>
        <div class="text paldies-card      ">
            <div class="title">Hig.paketes LADY ANION Night Use 8gab.</div>
            <div class="pack">
                <span class="ptitle"></span>
                <span class="price"> 0.42 €/gab</span>
            </div>
                    </div>
        <div class="infopop">
            <div class="in"><span></span>
                <div class="arrow_top"></div>
                <div class="arrow_bottom"></div>
            </div>
        </div>
    </div>
</div><div class="col-third offer-item">
    <div class="item bl_shadow product-237455 paldies-card  offer-2-l-sp-sku units-price        " data-product-id="237455" data-timeout="77" data-dates-interval="15.04.2025. - 29.04.2026." tabindex="0" role="button">
                                                    <div class="discount price with-unit-price ">
                                                                            <div class="paldies-card-icon with-unit-price">
                        <img src="/images/front/icons/paldies2-icon.png" alt="Paldies">
                    </div>
                                                                
                    <div class="t1 with-unit-price paldies-card">
            <span class="value">1</span>
            <span class="cents">99</span>
            <span class="eur">€</span>
            <span class="unit-price">3.98 €/l</span>
        </div>
                    <div class="t2">
                <span class="value">2,29</span>
                <span class="eur">€</span>
            </div>
            <div class="t3 with-unit-price">
                <span class="value">2</span>
                <span class="cents">29</span>
                <span class="eur">€</span>
                <span class="unit-price">4.58 €/l</span>            </div>
            
    <span class="vline"></span>
</div>                    		
        
        
        <div class="tags tags_primary bottom_icons">
                                                            
                                <div data-alt="Atlaide ar PALDIES karti" class="tag tag-soap-2 " style="background-image: url('/uploads/sale/atlaide-ar-paldies-karti-7358.png');                     ">
                </div>
                                                                            
                                <div data-alt="CENU LĪDERI" class="tag tag-soap-29 " style="background-image: url('/uploads/sale/cenu-lideri-6010.png');                     ">
                </div>
                            
                    </div>
        <div class="tags tags_primary info_icon">
            
    <div data-alt="Preču piedāvājums atšķirīgs Maxima veikalos, ar aktuālo akcijas preču piedāvājumu aicinām iepazīties uz vietas veikalā!" class="tag i"></div>

        </div>

        <div class="info-notice">
            


                                                                            </div>

        <div class="img">
          <img alt="Stiklu tīrīšanas līdz. CLIN Lemon 500ml" src="/uploads/sale/2025/sales_page/10/29//stiklu-tirisanas-lidz-clin-lemon-500ml-00974-1029180137.png?1761753697">
        </div>
        <div class="text paldies-card      ">
            <div class="title">Stiklu tīrīšanas līdz. CLIN Lemon 500ml</div>
            <div class="pack">
                <span class="ptitle"></span>
                <span class="price"> 4.58 €/l</span>
            </div>
                    </div>
        <div class="infopop">
            <div class="in"><span></span>
                <div class="arrow_top"></div>
                <div class="arrow_bottom"></div>
            </div>
        </div>
    </div>
</div><div class="col-third offer-item">
    <div class="item bl_shadow product-237456 paldies-card  offer-2-l-sp-sku units-price        " data-product-id="237456" data-timeout="77" data-dates-interval="30.01.2025. - 29.04.2026." tabindex="0" role="button">
                                                    <div class="discount price with-unit-price ">
                                                                            <div class="paldies-card-icon with-unit-price">
                        <img src="/images/front/icons/paldies2-icon.png" alt="Paldies">
                    </div>
                                                                                                                                
                    <div class="t1 with-unit-price paldies-card">
            <span class="value">1</span>
            <span class="cents">99</span>
            <span class="eur">€</span>
            <span class="unit-price">3.98 €/l</span>
        </div>
                    <div class="t2">
                <span class="value">2,29</span>
                <span class="eur">€</span>
            </div>
            <div class="t3 with-unit-price">
                <span class="value">2</span>
                <span class="cents">29</span>
                <span class="eur">€</span>
                <span class="unit-price">4.58 €/l</span>            </div>
            
    <span class="vline"></span>
</div>                    		
        
        
        <div class="tags tags_primary bottom_icons">
                                                            
                                <div data-alt="Atlaide ar PALDIES karti" class="tag tag-soap-2 " style="background-image: url('/uploads/sale/atlaide-ar-paldies-karti-7358.png');                     ">
                </div>
                                                                            
                                <div data-alt="Prece pieejama MAXIMA XX veikalos" class="tag tag-soap-3 tag-shops" style="background-image: url('/uploads/sale/piedavajums-speka-maxima-xx-veikalos-6057.png');                     ">
                </div>
                                                                            
                                <div data-alt="Prece pieejama MAXIMA XXX veikalos" class="tag tag-soap-4 tag-shops" style="background-image: url('/uploads/sale/piedavajums-speka-maxima-xxx-veikalos-3117.png');                     ">
                </div>
                                                                            
                                <div data-alt="CENU LĪDERI" class="tag tag-soap-29 " style="background-image: url('/uploads/sale/cenu-lideri-6010.png');                     ">
                </div>
                            
                    </div>
        <div class="tags tags_primary info_icon">
            
    <div data-alt="Preču piedāvājums atšķirīgs Maxima veikalos, ar aktuālo akcijas preču piedāvājumu aicinām iepazīties uz vietas veikalā!" class="tag i"></div>

        </div>

        <div class="info-notice">
            


                                                                                                                                    </div>

        <div class="img">
          <img alt="Logu tīr.līdz.CLIN BLUE 500ml" src="/uploads/sale/2025/sales_page/10/29//logu-tir-lidz-clin-blue-500ml-00975-1029180624.png?1761753984">
        </div>
        <div class="text paldies-card      ">
            <div class="title">Logu tīr.līdz.CLIN BLUE 500ml</div>
            <div class="pack">
                <span class="ptitle"></span>
                <span class="price"> 4.58 €/l</span>
            </div>
                    </div>
        <div class="infopop">
            <div class="in"><span></span>
                <div class="arrow_top"></div>
                <div class="arrow_bottom"></div>
            </div>
        </div>
    </div>
</div><div class="col-third offer-item">
    <div class="item bl_shadow product-237564 paldies-card  offer-2-l-sp-sku units-price        " data-product-id="237564" data-timeout="77" data-dates-interval="30.10.2025. - 29.04.2026." tabindex="0" role="button">
                                                    <div class="discount price with-unit-price ">
                                                                            <div class="paldies-card-icon with-unit-price">
                        <img src="/images/front/icons/paldies2-icon.png" alt="Paldies">
                    </div>
                                                                
                    <div class="t1 with-unit-price paldies-card">
            <span class="value">2</span>
            <span class="cents">29</span>
            <span class="eur">€</span>
            <span class="unit-price">4.58 €/l</span>
        </div>
                    <div class="t2">
                <span class="value">3,89</span>
                <span class="eur">€</span>
            </div>
            <div class="t3 with-unit-price">
                <span class="value">3</span>
                <span class="cents">89</span>
                <span class="eur">€</span>
                <span class="unit-price">7.78 €/l</span>            </div>
            
    <span class="vline"></span>
</div>                    		
        
        
        <div class="tags tags_primary bottom_icons">
                                                            
                                <div data-alt="Atlaide ar PALDIES karti" class="tag tag-soap-2 " style="background-image: url('/uploads/sale/atlaide-ar-paldies-karti-7358.png');                     ">
                </div>
                                                                            
                                <div data-alt="CENU LĪDERI" class="tag tag-soap-29 " style="background-image: url('/uploads/sale/cenu-lideri-6010.png');                     ">
                </div>
                            
                    </div>
        <div class="tags tags_primary info_icon">
            
    <div data-alt="Preču piedāvājums atšķirīgs Maxima veikalos, ar aktuālo akcijas preču piedāvājumu aicinām iepazīties uz vietas veikalā!" class="tag i"></div>

        </div>

        <div class="info-notice">
            


                                                                            </div>

        <div class="img">
          <img alt="Šķid.ziepes PALMOLIVE ALM.MILK rez.500ml" src="/uploads/sale/2025/sales_page/10/31//skid-ziepes-palmolive-alm-milk-rez-500ml-00976-0210090017.png?1770706817">
        </div>
        <div class="text paldies-card      ">
            <div class="title">Šķid.ziepes PALMOLIVE ALM.MILK rez.500ml</div>
            <div class="pack">
                <span class="ptitle"></span>
                <span class="price"> 7.78 €/l</span>
            </div>
                    </div>
        <div class="infopop">
            <div class="in"><span></span>
                <div class="arrow_top"></div>
                <div class="arrow_bottom"></div>
            </div>
        </div>
    </div>
</div><div class="col-third offer-item">
    <div class="item bl_shadow product-237549 paldies-card  offer-2-l-sp-sku units-price        " data-product-id="237549" data-timeout="77" data-dates-interval="30.10.2025. - 29.04.2026." tabindex="0" role="button">
                                                    <div class="discount price with-unit-price ">
                                                                            <div class="paldies-card-icon with-unit-price">
                        <img src="/images/front/icons/paldies2-icon.png" alt="Paldies">
                    </div>
                                                                
                    <div class="t1 with-unit-price paldies-card">
            <span class="value">2</span>
            <span class="cents">79</span>
            <span class="eur">€</span>
            <span class="unit-price">2.79 €/gab</span>
        </div>
                    <div class="t2">
                <span class="value">4,69</span>
                <span class="eur">€</span>
            </div>
            <div class="t3 with-unit-price">
                <span class="value">4</span>
                <span class="cents">69</span>
                <span class="eur">€</span>
                <span class="unit-price">4.69 €/gab</span>            </div>
            
    <span class="vline"></span>
</div>                    		
        
        
        <div class="tags tags_primary bottom_icons">
                                                            
                                <div data-alt="Atlaide ar PALDIES karti" class="tag tag-soap-2 " style="background-image: url('/uploads/sale/atlaide-ar-paldies-karti-7358.png');                     ">
                </div>
                                                                            
                                <div data-alt="CENU LĪDERI" class="tag tag-soap-29 " style="background-image: url('/uploads/sale/cenu-lideri-6010.png');                     ">
                </div>
                            
                    </div>
        <div class="tags tags_primary info_icon">
            
    <div data-alt="Preču piedāvājums atšķirīgs Maxima veikalos, ar aktuālo akcijas preču piedāvājumu aicinām iepazīties uz vietas veikalā!" class="tag i"></div>

        </div>

        <div class="info-notice">
            


                                                                            </div>

        <div class="img">
          <img alt="Zobu birste COLGATE SLIM SOFT BLACK" src="/uploads/sale/2025/sales_page/10/30//zobu-birste-colgate-slim-soft-black-00977-0210085518.png?1770706518">
        </div>
        <div class="text paldies-card      ">
            <div class="title">Zobu birste COLGATE SLIM SOFT BLACK</div>
            <div class="pack">
                <span class="ptitle"></span>
                <span class="price"> 4.69 €/gab</span>
            </div>
                    </div>
        <div class="infopop">
            <div class="in"><span></span>
                <div class="arrow_top"></div>
                <div class="arrow_bottom"></div>
            </div>
        </div>
    </div>
</div><div class="col-third offer-item">
    <div class="item bl_shadow product-237457 paldies-card  offer-2-l-sp-sku units-price        " data-product-id="237457" data-timeout="77" data-dates-interval="30.01.2025. - 29.04.2026." tabindex="0" role="button">
                                                    <div class="discount price with-unit-price ">
                                                                            <div class="paldies-card-icon with-unit-price">
                        <img src="/images/front/icons/paldies2-icon.png" alt="Paldies">
                    </div>
                                                                
                    <div class="t1 with-unit-price paldies-card">
            <span class="value">2</span>
            <span class="cents">59</span>
            <span class="eur">€</span>
            <span class="unit-price">17.27 €/l</span>
        </div>
                    <div class="t2">
                <span class="value">4,79</span>
                <span class="eur">€</span>
            </div>
            <div class="t3 with-unit-price">
                <span class="value">4</span>
                <span class="cents">79</span>
                <span class="eur">€</span>
                <span class="unit-price">31.93 €/l</span>            </div>
            
    <span class="vline"></span>
</div>                    		
        
        
        <div class="tags tags_primary bottom_icons">
                                                            
                                <div data-alt="Atlaide ar PALDIES karti" class="tag tag-soap-2 " style="background-image: url('/uploads/sale/atlaide-ar-paldies-karti-7358.png');                     ">
                </div>
                                                                            
                                <div data-alt="CENU LĪDERI" class="tag tag-soap-29 " style="background-image: url('/uploads/sale/cenu-lideri-6010.png');                     ">
                </div>
                            
                    </div>
        <div class="tags tags_primary info_icon">
            
    <div data-alt="Preču piedāvājums atšķirīgs Maxima veikalos, ar aktuālo akcijas preču piedāvājumu aicinām iepazīties uz vietas veikalā!" class="tag i"></div>

        </div>

        <div class="info-notice">
            


                                                                            </div>

        <div class="img">
          <img alt="Dezod. REXONA INVISIBLE B&amp;W vīr. 150ml" src="/uploads/sale/2025/sales_page/10/29//dezod-rexona-invisible-b-w-vir-150ml-00978-0210093018.png?1770708618">
        </div>
        <div class="text paldies-card      ">
            <div class="title">Dezod. REXONA INVISIBLE B&amp;W vīr. 150ml</div>
            <div class="pack">
                <span class="ptitle"></span>
                <span class="price"> 31.93 €/l</span>
            </div>
                    </div>
        <div class="infopop">
            <div class="in"><span></span>
                <div class="arrow_top"></div>
                <div class="arrow_bottom"></div>
            </div>
        </div>
    </div>
</div><div class="col-third offer-item">
    <div class="item bl_shadow product-237458 paldies-card  offer-2-l-sp-sku units-price        " data-product-id="237458" data-timeout="77" data-dates-interval="30.07.2024. - 29.04.2026." tabindex="0" role="button">
                                                    <div class="discount price with-unit-price ">
                                                                            <div class="paldies-card-icon with-unit-price">
                        <img src="/images/front/icons/paldies2-icon.png" alt="Paldies">
                    </div>
                                                                
                    <div class="t1 with-unit-price paldies-card">
            <span class="value">1</span>
            <span class="cents">99</span>
            <span class="eur">€</span>
            <span class="unit-price">2.84 €/l</span>
        </div>
                    <div class="t2">
                <span class="value">4,35</span>
                <span class="eur">€</span>
            </div>
            <div class="t3 with-unit-price">
                <span class="value">4</span>
                <span class="cents">35</span>
                <span class="eur">€</span>
                <span class="unit-price">6.21 €/l</span>            </div>
            
    <span class="vline"></span>
</div>                    		
        
        
        <div class="tags tags_primary bottom_icons">
                                                            
                                <div data-alt="Atlaide ar PALDIES karti" class="tag tag-soap-2 " style="background-image: url('/uploads/sale/atlaide-ar-paldies-karti-7358.png');                     ">
                </div>
                                                                            
                                <div data-alt="CENU LĪDERI" class="tag tag-soap-29 " style="background-image: url('/uploads/sale/cenu-lideri-6010.png');                     ">
                </div>
                            
                    </div>
        <div class="tags tags_primary info_icon">
            
    <div data-alt="Preču piedāvājums atšķirīgs Maxima veikalos, ar aktuālo akcijas preču piedāvājumu aicinām iepazīties uz vietas veikalā!" class="tag i"></div>

        </div>

        <div class="info-notice">
            


                                                                            </div>

        <div class="img">
          <img alt="Tual.tīr.līdz. DOMESTOS Lime 700ml" src="/uploads/sale/2025/sales_page/10/29//tual-tir-lidz-domestos-lime-700ml-00979-1029180137.png?1761753697">
        </div>
        <div class="text paldies-card      ">
            <div class="title">Tual.tīr.līdz. DOMESTOS Lime 700ml</div>
            <div class="pack">
                <span class="ptitle"></span>
                <span class="price"> 6.21 €/l</span>
            </div>
                    </div>
        <div class="infopop">
            <div class="in"><span></span>
                <div class="arrow_top"></div>
                <div class="arrow_bottom"></div>
            </div>
        </div>
    </div>
</div><div class="col-third offer-item">
    <div class="item bl_shadow product-237565 paldies-card  offer-2-l-sp-sku units-price        " data-product-id="237565" data-timeout="77" data-dates-interval="30.10.2025. - 29.04.2026." tabindex="0" role="button">
                                                    <div class="discount price with-unit-price ">
                                                                            <div class="paldies-card-icon with-unit-price">
                        <img src="/images/front/icons/paldies2-icon.png" alt="Paldies">
                    </div>
                                                                
                    <div class="t1 with-unit-price paldies-card">
            <span class="value">3</span>
            <span class="cents">99</span>
            <span class="eur">€</span>
            <span class="unit-price">53.20 €/l</span>
        </div>
                    <div class="t2">
                <span class="value">5,69</span>
                <span class="eur">€</span>
            </div>
            <div class="t3 with-unit-price">
                <span class="value">5</span>
                <span class="cents">69</span>
                <span class="eur">€</span>
                <span class="unit-price">75.87 €/l</span>            </div>
            
    <span class="vline"></span>
</div>                    		
        
        
        <div class="tags tags_primary bottom_icons">
                                                            
                                <div data-alt="Atlaide ar PALDIES karti" class="tag tag-soap-2 " style="background-image: url('/uploads/sale/atlaide-ar-paldies-karti-7358.png');                     ">
                </div>
                                                                            
                                <div data-alt="CENU LĪDERI" class="tag tag-soap-29 " style="background-image: url('/uploads/sale/cenu-lideri-6010.png');                     ">
                </div>
                            
                    </div>
        <div class="tags tags_primary info_icon">
            
    <div data-alt="Preču piedāvājums atšķirīgs Maxima veikalos, ar aktuālo akcijas preču piedāvājumu aicinām iepazīties uz vietas veikalā!" class="tag i"></div>

        </div>

        <div class="info-notice">
            


                                                                            </div>

        <div class="img">
          <img alt="Zobu pasta ELMEX JUNIOR 6-12 gadi 75ml" src="/uploads/sale/2025/sales_page/10/31//zobu-pasta-elmex-junior-6-12-gadi-75ml-00983-0210085518.png?1770706518">
        </div>
        <div class="text paldies-card      ">
            <div class="title">Zobu pasta ELMEX JUNIOR 6-12 gadi 75ml</div>
            <div class="pack">
                <span class="ptitle"></span>
                <span class="price"> 75.87 €/l</span>
            </div>
                    </div>
        <div class="infopop">
            <div class="in"><span></span>
                <div class="arrow_top"></div>
                <div class="arrow_bottom"></div>
            </div>
        </div>
    </div>
</div><div class="col-third offer-item">
    <div class="item bl_shadow product-237461 paldies-card  offer-2-l-sp-sku units-price        " data-product-id="237461" data-timeout="77" data-dates-interval="29.07.2024. - 29.04.2026." tabindex="0" role="button">
                                                    <div class="discount price with-unit-price ">
                                                                            <div class="paldies-card-icon with-unit-price">
                        <img src="/images/front/icons/paldies2-icon.png" alt="Paldies">
                    </div>
                                                                
                    <div class="t1 with-unit-price paldies-card">
            <span class="value">3</span>
            <span class="cents">99</span>
            <span class="eur">€</span>
            <span class="unit-price">5.32 €/l</span>
        </div>
                    <div class="t2">
                <span class="value">8,19</span>
                <span class="eur">€</span>
            </div>
            <div class="t3 with-unit-price">
                <span class="value">8</span>
                <span class="cents">19</span>
                <span class="eur">€</span>
                <span class="unit-price">10.92 €/l</span>            </div>
            
    <span class="vline"></span>
</div>                    		
        
        
        <div class="tags tags_primary bottom_icons">
                                                            
                                <div data-alt="Atlaide ar PALDIES karti" class="tag tag-soap-2 " style="background-image: url('/uploads/sale/atlaide-ar-paldies-karti-7358.png');                     ">
                </div>
                                                                            
                                <div data-alt="CENU LĪDERI" class="tag tag-soap-29 " style="background-image: url('/uploads/sale/cenu-lideri-6010.png');                     ">
                </div>
                            
                    </div>
        <div class="tags tags_primary info_icon">
            
    <div data-alt="Preču piedāvājums atšķirīgs Maxima veikalos, ar aktuālo akcijas preču piedāvājumu aicinām iepazīties uz vietas veikalā!" class="tag i"></div>

        </div>

        <div class="info-notice">
            


                                                                            </div>

        <div class="img">
          <img alt="Tīrīšanas līdz.CILLIT BANG Limesc. 750ml" src="/uploads/sale/2025/sales_page/10/29//tirisanas-lidz-cillit-bang-limesc-750ml-00984-1029180520.png?1761753920">
        </div>
        <div class="text paldies-card      ">
            <div class="title">Tīrīšanas līdz.CILLIT BANG Limesc. 750ml</div>
            <div class="pack">
                <span class="ptitle"></span>
                <span class="price"> 10.92 €/l</span>
            </div>
                    </div>
        <div class="infopop">
            <div class="in"><span></span>
                <div class="arrow_top"></div>
                <div class="arrow_bottom"></div>
            </div>
        </div>
    </div>
</div><div class="col-third offer-item">
    <div class="item bl_shadow product-237656 paldies-card  offer-2-l-sp-sku units-price        " data-product-id="237656" data-timeout="77" data-dates-interval="30.10.2025. - 29.04.2026." tabindex="0" role="button">
                                                    <div class="discount price with-unit-price ">
                                                                            <div class="paldies-card-icon with-unit-price">
                        <img src="/images/front/icons/paldies2-icon.png" alt="Paldies">
                    </div>
                                                                                                
                    <div class="t1 with-unit-price paldies-card">
            <span class="value">2</span>
            <span class="cents">29</span>
            <span class="eur">€</span>
            <span class="unit-price">0.14 €/gab</span>
        </div>
                    <div class="t2">
                <span class="value">3,39</span>
                <span class="eur">€</span>
            </div>
            <div class="t3 with-unit-price">
                <span class="value">3</span>
                <span class="cents">39</span>
                <span class="eur">€</span>
                <span class="unit-price">0.21 €/gab</span>            </div>
            
    <span class="vline"></span>
</div>                    		
        
        
        <div class="tags tags_primary bottom_icons">
                                                            
                                <div data-alt="Atlaide ar PALDIES karti" class="tag tag-soap-2 " style="background-image: url('/uploads/sale/atlaide-ar-paldies-karti-7358.png');                     ">
                </div>
                                                                            
                                <div data-alt="Prece pieejama MAXIMA XXX veikalos" class="tag tag-soap-4 tag-shops" style="background-image: url('/uploads/sale/piedavajums-speka-maxima-xxx-veikalos-3117.png');                     ">
                </div>
                                                                            
                                <div data-alt="CENU LĪDERI" class="tag tag-soap-29 " style="background-image: url('/uploads/sale/cenu-lideri-6010.png');                     ">
                </div>
                            
                    </div>
        <div class="tags tags_primary info_icon">
            
    <div data-alt="Preču piedāvājums atšķirīgs Maxima veikalos, ar aktuālo akcijas preču piedāvājumu aicinām iepazīties uz vietas veikalā!" class="tag i"></div>

        </div>

        <div class="info-notice">
            


                                                                                                        </div>

        <div class="img">
          <img alt="Ikd.ieliktn.LADY ANION Dayliner 16gab." src="/uploads/sale/2025/sales_page/10/31//ikd-ieliktn-lady-anion-dayliner-16gab-00987-1031101519.png?1761898519">
        </div>
        <div class="text paldies-card      ">
            <div class="title">Ikd.ieliktn.LADY ANION Dayliner 16gab.</div>
            <div class="pack">
                <span class="ptitle"></span>
                <span class="price"> 0.21 €/gab</span>
            </div>
                    </div>
        <div class="infopop">
            <div class="in"><span></span>
                <div class="arrow_top"></div>
                <div class="arrow_bottom"></div>
            </div>
        </div>
    </div>
</div><div class="col-third offer-item">
    <div class="item bl_shadow product-237566 paldies-card  offer-2-l-sp-sku units-price        " data-product-id="237566" data-timeout="77" data-dates-interval="29.07.2024. - 29.04.2026." tabindex="0" role="button">
                                                    <div class="discount price with-unit-price ">
                                                                            <div class="paldies-card-icon with-unit-price">
                        <img src="/images/front/icons/paldies2-icon.png" alt="Paldies">
                    </div>
                                                                
                    <div class="t1 with-unit-price paldies-card">
            <span class="value">3</span>
            <span class="cents">99</span>
            <span class="eur">€</span>
            <span class="unit-price">5.32 €/l</span>
        </div>
                    <div class="t2">
                <span class="value">8,19</span>
                <span class="eur">€</span>
            </div>
            <div class="t3 with-unit-price">
                <span class="value">8</span>
                <span class="cents">19</span>
                <span class="eur">€</span>
                <span class="unit-price">10.92 €/l</span>            </div>
            
    <span class="vline"></span>
</div>                    		
        
        
        <div class="tags tags_primary bottom_icons">
                                                            
                                <div data-alt="Atlaide ar PALDIES karti" class="tag tag-soap-2 " style="background-image: url('/uploads/sale/atlaide-ar-paldies-karti-7358.png');                     ">
                </div>
                                                                            
                                <div data-alt="CENU LĪDERI" class="tag tag-soap-29 " style="background-image: url('/uploads/sale/cenu-lideri-6010.png');                     ">
                </div>
                            
                    </div>
        <div class="tags tags_primary info_icon">
            
    <div data-alt="Preču piedāvājums atšķirīgs Maxima veikalos, ar aktuālo akcijas preču piedāvājumu aicinām iepazīties uz vietas veikalā!" class="tag i"></div>

        </div>

        <div class="info-notice">
            


                                                                            </div>

        <div class="img">
          <img alt="Tīrīšanas līdz.CILLIT BANG Grease..750ML" src="/uploads/sale/2025/sales_page/10/31//tirisanas-lidz-cillit-bang-grease-750ml-00988-1031094019.png?1761896419">
        </div>
        <div class="text paldies-card      ">
            <div class="title">Tīrīšanas līdz.CILLIT BANG Grease..750ML</div>
            <div class="pack">
                <span class="ptitle"></span>
                <span class="price"> 10.92 €/l</span>
            </div>
                    </div>
        <div class="infopop">
            <div class="in"><span></span>
                <div class="arrow_top"></div>
                <div class="arrow_bottom"></div>
            </div>
        </div>
    </div>
</div><div class="col-third offer-item">
    <div class="item bl_shadow product-237424 paldies-card  offer-2-l-sp-sku units-price        " data-product-id="237424" data-timeout="77" data-dates-interval="30.07.2024. - 29.04.2026." tabindex="0" role="button">
                                                    <div class="discount price with-unit-price ">
                                                                            <div class="paldies-card-icon with-unit-price">
                        <img src="/images/front/icons/paldies2-icon.png" alt="Paldies">
                    </div>
                                                                
                    <div class="t1 with-unit-price paldies-card">
            <span class="value">3</span>
            <span class="cents">99</span>
            <span class="eur">€</span>
            <span class="unit-price">5.32 €/l</span>
        </div>
                    <div class="t2">
                <span class="value">8,19</span>
                <span class="eur">€</span>
            </div>
            <div class="t3 with-unit-price">
                <span class="value">8</span>
                <span class="cents">19</span>
                <span class="eur">€</span>
                <span class="unit-price">10.92 €/l</span>            </div>
            
    <span class="vline"></span>
</div>                    		
        
        
        <div class="tags tags_primary bottom_icons">
                                                            
                                <div data-alt="Atlaide ar PALDIES karti" class="tag tag-soap-2 " style="background-image: url('/uploads/sale/atlaide-ar-paldies-karti-7358.png');                     ">
                </div>
                                                                            
                                <div data-alt="CENU LĪDERI" class="tag tag-soap-29 " style="background-image: url('/uploads/sale/cenu-lideri-6010.png');                     ">
                </div>
                            
                    </div>
        <div class="tags tags_primary info_icon">
            
    <div data-alt="Preču piedāvājums atšķirīgs Maxima veikalos, ar aktuālo akcijas preču piedāvājumu aicinām iepazīties uz vietas veikalā!" class="tag i"></div>

        </div>

        <div class="info-notice">
            


                                                                            </div>

        <div class="img">
          <img alt="Tīr.līdz.CILLIT BANG BLEACH&amp;HYG. 750ML" src="/uploads/sale/2025/sales_page/10/29//tir-lidz-cillit-bang-bleach-hyg-750ml-00989-1029180520.png?1761753920">
        </div>
        <div class="text paldies-card      ">
            <div class="title">Tīr.līdz.CILLIT BANG BLEACH&amp;HYG. 750ML</div>
            <div class="pack">
                <span class="ptitle"></span>
                <span class="price"> 10.92 €/l</span>
            </div>
                    </div>
        <div class="infopop">
            <div class="in"><span></span>
                <div class="arrow_top"></div>
                <div class="arrow_bottom"></div>
            </div>
        </div>
    </div>
</div><div class="col-third offer-item">
    <div class="item bl_shadow product-237646 paldies-card  offer-2-l-sp-sku units-price        " data-product-id="237646" data-timeout="77" data-dates-interval="30.10.2025. - 29.04.2026." tabindex="0" role="button">
                                                    <div class="discount price with-unit-price ">
                                                                            <div class="paldies-card-icon with-unit-price">
                        <img src="/images/front/icons/paldies2-icon.png" alt="Paldies">
                    </div>
                                                                                                                                
                    <div class="t1 with-unit-price paldies-card">
            <span class="value">5</span>
            <span class="cents">49</span>
            <span class="eur">€</span>
            <span class="unit-price">73.20 €/l</span>
        </div>
                    <div class="t2">
                <span class="value">9,29</span>
                <span class="eur">€</span>
            </div>
            <div class="t3 with-unit-price">
                <span class="value">9</span>
                <span class="cents">29</span>
                <span class="eur">€</span>
                <span class="unit-price">123.87 €/l</span>            </div>
            
    <span class="vline"></span>
</div>                    		
        
        
        <div class="tags tags_primary bottom_icons">
                                                            
                                <div data-alt="Atlaide ar PALDIES karti" class="tag tag-soap-2 " style="background-image: url('/uploads/sale/atlaide-ar-paldies-karti-7358.png');                     ">
                </div>
                                                                            
                                <div data-alt="Prece pieejama MAXIMA XX veikalos" class="tag tag-soap-3 tag-shops" style="background-image: url('/uploads/sale/piedavajums-speka-maxima-xx-veikalos-6057.png');                     ">
                </div>
                                                                            
                                <div data-alt="Prece pieejama MAXIMA XXX veikalos" class="tag tag-soap-4 tag-shops" style="background-image: url('/uploads/sale/piedavajums-speka-maxima-xxx-veikalos-3117.png');                     ">
                </div>
                                                                            
                                <div data-alt="CENU LĪDERI" class="tag tag-soap-29 " style="background-image: url('/uploads/sale/cenu-lideri-6010.png');                     ">
                </div>
                            
                    </div>
        <div class="tags tags_primary info_icon">
            
    <div data-alt="Preču piedāvājums atšķirīgs Maxima veikalos, ar aktuālo akcijas preču piedāvājumu aicinām iepazīties uz vietas veikalā!" class="tag i"></div>

        </div>

        <div class="info-notice">
            


                                                                                                                                    </div>

        <div class="img">
          <img alt="Zobu pasta BLANX WHITE SHOCK 75ml" src="/uploads/sale/2025/sales_page/10/31//zobu-pasta-blanx-white-shock-75ml-00968-0210085017.png?1770706217">
        </div>
        <div class="text paldies-card      ">
            <div class="title">Zobu pasta BLANX WHITE SHOCK 75ml</div>
            <div class="pack">
                <span class="ptitle"></span>
                <span class="price"> 123.87 €/l</span>
            </div>
                    </div>
        <div class="infopop">
            <div class="in"><span></span>
                <div class="arrow_top"></div>
                <div class="arrow_bottom"></div>
            </div>
        </div>
    </div>
</div><div class="col-third offer-item">
    <div class="item bl_shadow product-237585 paldies-card  offer-2-l-sp-sku units-price        " data-product-id="237585" data-timeout="77" data-dates-interval="30.10.2025. - 29.04.2026." tabindex="0" role="button">
                                                    <div class="discount price with-unit-price ">
                                                                            <div class="paldies-card-icon with-unit-price">
                        <img src="/images/front/icons/paldies2-icon.png" alt="Paldies">
                    </div>
                                                                                                                                
                    <div class="t1 with-unit-price paldies-card">
            <span class="value">1</span>
            <span class="cents">19</span>
            <span class="eur">€</span>
            <span class="unit-price">0.10 €/gab</span>
        </div>
                    <div class="t2">
                <span class="value">1,69</span>
                <span class="eur">€</span>
            </div>
            <div class="t3 with-unit-price">
                <span class="value">1</span>
                <span class="cents">69</span>
                <span class="eur">€</span>
                <span class="unit-price">0.14 €/gab</span>            </div>
            
    <span class="vline"></span>
</div>                    		
        
        
        <div class="tags tags_primary bottom_icons">
                                                            
                                <div data-alt="Atlaide ar PALDIES karti" class="tag tag-soap-2 " style="background-image: url('/uploads/sale/atlaide-ar-paldies-karti-7358.png');                     ">
                </div>
                                                                            
                                <div data-alt="Prece pieejama MAXIMA XX veikalos" class="tag tag-soap-3 tag-shops" style="background-image: url('/uploads/sale/piedavajums-speka-maxima-xx-veikalos-6057.png');                     ">
                </div>
                                                                            
                                <div data-alt="Prece pieejama MAXIMA XXX veikalos" class="tag tag-soap-4 tag-shops" style="background-image: url('/uploads/sale/piedavajums-speka-maxima-xxx-veikalos-3117.png');                     ">
                </div>
                                                                            
                                <div data-alt="CENU LĪDERI" class="tag tag-soap-29 " style="background-image: url('/uploads/sale/cenu-lideri-6010.png');                     ">
                </div>
                            
                    </div>
        <div class="tags tags_primary info_icon">
            
    <div data-alt="Preču piedāvājums atšķirīgs Maxima veikalos, ar aktuālo akcijas preču piedāvājumu aicinām iepazīties uz vietas veikalā!" class="tag i"></div>

        </div>

        <div class="info-notice">
            


                                                                                                                                    </div>

        <div class="img">
          <img alt="Hig.paketes BELLA HERBS VERBENA 12gab." src="/uploads/sale/2025/sales_page/10/31//hig-paketes-bella-herbs-verbena-12gab-00971-1031094023.png?1761896423">
        </div>
        <div class="text paldies-card      ">
            <div class="title">Hig.paketes BELLA HERBS VERBENA 12gab.</div>
            <div class="pack">
                <span class="ptitle"></span>
                <span class="price"> 0.14 €/gab</span>
            </div>
                    </div>
        <div class="infopop">
            <div class="in"><span></span>
                <div class="arrow_top"></div>
                <div class="arrow_bottom"></div>
            </div>
        </div>
    </div>
</div><div class="col-third offer-item">
    <div class="item bl_shadow product-237586 paldies-card  offer-2-l-sp-sku units-price        " data-product-id="237586" data-timeout="77" data-dates-interval="30.10.2025. - 29.04.2026." tabindex="0" role="button">
                                                    <div class="discount price with-unit-price ">
                                                                            <div class="paldies-card-icon with-unit-price">
                        <img src="/images/front/icons/paldies2-icon.png" alt="Paldies">
                    </div>
                                                                                                                                
                    <div class="t1 with-unit-price paldies-card">
            <span class="value">2</span>
            <span class="cents">29</span>
            <span class="eur">€</span>
            <span class="unit-price">0.23 €/gab</span>
        </div>
                    <div class="t2">
                <span class="value">3,39</span>
                <span class="eur">€</span>
            </div>
            <div class="t3 with-unit-price">
                <span class="value">3</span>
                <span class="cents">39</span>
                <span class="eur">€</span>
                <span class="unit-price">0.34 €/gab</span>            </div>
            
    <span class="vline"></span>
</div>                    		
        
        
        <div class="tags tags_primary bottom_icons">
                                                            
                                <div data-alt="Atlaide ar PALDIES karti" class="tag tag-soap-2 " style="background-image: url('/uploads/sale/atlaide-ar-paldies-karti-7358.png');                     ">
                </div>
                                                                            
                                <div data-alt="Prece pieejama MAXIMA XX veikalos" class="tag tag-soap-3 tag-shops" style="background-image: url('/uploads/sale/piedavajums-speka-maxima-xx-veikalos-6057.png');                     ">
                </div>
                                                                            
                                <div data-alt="Prece pieejama MAXIMA XXX veikalos" class="tag tag-soap-4 tag-shops" style="background-image: url('/uploads/sale/piedavajums-speka-maxima-xxx-veikalos-3117.png');                     ">
                </div>
                                                                            
                                <div data-alt="CENU LĪDERI" class="tag tag-soap-29 " style="background-image: url('/uploads/sale/cenu-lideri-6010.png');                     ">
                </div>
                            
                    </div>
        <div class="tags tags_primary info_icon">
            
    <div data-alt="Preču piedāvājums atšķirīgs Maxima veikalos, ar aktuālo akcijas preču piedāvājumu aicinām iepazīties uz vietas veikalā!" class="tag i"></div>

        </div>

        <div class="info-notice">
            


                                                                                                                                    </div>

        <div class="img">
          <img alt="Higiēn.paketes LADY ANION Day Use 10gab." src="/uploads/sale/2025/sales_page/10/31//higien-paketes-lady-anion-day-use-10gab-00972-1031094023.png?1761896423">
        </div>
        <div class="text paldies-card      ">
            <div class="title">Higiēn.paketes LADY ANION Day Use 10gab.</div>
            <div class="pack">
                <span class="ptitle"></span>
                <span class="price"> 0.34 €/gab</span>
            </div>
                    </div>
        <div class="infopop">
            <div class="in"><span></span>
                <div class="arrow_top"></div>
                <div class="arrow_bottom"></div>
            </div>
        </div>
    </div>
</div><div class="col-third offer-item">
    <div class="item bl_shadow product-237563 paldies-card  offer-2-l-sp-sku units-price        " data-product-id="237563" data-timeout="77" data-dates-interval="30.10.2025. - 29.04.2026." tabindex="0" role="button">
                                                    <div class="discount price with-unit-price ">
                                                                            <div class="paldies-card-icon with-unit-price">
                        <img src="/images/front/icons/paldies2-icon.png" alt="Paldies">
                    </div>
                                                                                                                                
                    <div class="t1 with-unit-price paldies-card">
            <span class="value">2</span>
            <span class="cents">29</span>
            <span class="eur">€</span>
            <span class="unit-price">0.29 €/gab</span>
        </div>
                    <div class="t2">
                <span class="value">3,39</span>
                <span class="eur">€</span>
            </div>
            <div class="t3 with-unit-price">
                <span class="value">3</span>
                <span class="cents">39</span>
                <span class="eur">€</span>
                <span class="unit-price">0.42 €/gab</span>            </div>
            
    <span class="vline"></span>
</div>                    		
        
        
        <div class="tags tags_primary bottom_icons">
                                                            
                                <div data-alt="Atlaide ar PALDIES karti" class="tag tag-soap-2 " style="background-image: url('/uploads/sale/atlaide-ar-paldies-karti-7358.png');                     ">
                </div>
                                                                            
                                <div data-alt="Prece pieejama MAXIMA XX veikalos" class="tag tag-soap-3 tag-shops" style="background-image: url('/uploads/sale/piedavajums-speka-maxima-xx-veikalos-6057.png');                     ">
                </div>
                                                                            
                                <div data-alt="Prece pieejama MAXIMA XXX veikalos" class="tag tag-soap-4 tag-shops" style="background-image: url('/uploads/sale/piedavajums-speka-maxima-xxx-veikalos-3117.png');                     ">
                </div>
                                                                            
                                <div data-alt="CENU LĪDERI" class="tag tag-soap-29 " style="background-image: url('/uploads/sale/cenu-lideri-6010.png');                     ">
                </div>
                            
                    </div>
        <div class="tags tags_primary info_icon">
            
    <div data-alt="Preču piedāvājums atšķirīgs Maxima veikalos, ar aktuālo akcijas preču piedāvājumu aicinām iepazīties uz vietas veikalā!" class="tag i"></div>

        </div>

        <div class="info-notice">
            


                                                                                                                                    </div>

        <div class="img">
          <img alt="Hig.paketes LADY ANION Night Use 8gab." src="/uploads/sale/2025/sales_page/10/31//hig-paketes-lady-anion-night-use-8gab-00973-1031094019.png?1761896419">
        </div>
        <div class="text paldies-card      ">
            <div class="title">Hig.paketes LADY ANION Night Use 8gab.</div>
            <div class="pack">
                <span class="ptitle"></span>
                <span class="price"> 0.42 €/gab</span>
            </div>
                    </div>
        <div class="infopop">
            <div class="in"><span></span>
                <div class="arrow_top"></div>
                <div class="arrow_bottom"></div>
            </div>
        </div>
    </div>
</div><div class="col-third offer-item">
    <div class="item bl_shadow product-237455 paldies-card  offer-2-l-sp-sku units-price        " data-product-id="237455" data-timeout="77" data-dates-interval="15.04.2025. - 29.04.2026." tabindex="0" role="button">
                                                    <div class="discount price with-unit-price ">
                                                                            <div class="paldies-card-icon with-unit-price">
                        <img src="/images/front/icons/paldies2-icon.png" alt="Paldies">
                    </div>
                                                                
                    <div class="t1 with-unit-price paldies-card">
            <span class="value">1</span>
            <span class="cents">99</span>
            <span class="eur">€</span>
            <span class="unit-price">3.98 €/l</span>
        </div>
                    <div class="t2">
                <span class="value">2,29</span>
                <span class="eur">€</span>
            </div>
            <div class="t3 with-unit-price">
                <span class="value">2</span>
                <span class="cents">29</span>
                <span class="eur">€</span>
                <span class="unit-price">4.58 €/l</span>            </div>
            
    <span class="vline"></span>
</div>                    		
        
        
        <div class="tags tags_primary bottom_icons">
                                                            
                                <div data-alt="Atlaide ar PALDIES karti" class="tag tag-soap-2 " style="background-image: url('/uploads/sale/atlaide-ar-paldies-karti-7358.png');                     ">
                </div>
                                                                            
                                <div data-alt="CENU LĪDERI" class="tag tag-soap-29 " style="background-image: url('/uploads/sale/cenu-lideri-6010.png');                     ">
                </div>
                            
                    </div>
        <div class="tags tags_primary info_icon">
            
    <div data-alt="Preču piedāvājums atšķirīgs Maxima veikalos, ar aktuālo akcijas preču piedāvājumu aicinām iepazīties uz vietas veikalā!" class="tag i"></div>

        </div>

        <div class="info-notice">
            


                                                                            </div>

        <div class="img">
          <img alt="Stiklu tīrīšanas līdz. CLIN Lemon 500ml" src="/uploads/sale/2025/sales_page/10/29//stiklu-tirisanas-lidz-clin-lemon-500ml-00974-1029180137.png?1761753697">
        </div>
        <div class="text paldies-card      ">
            <div class="title">Stiklu tīrīšanas līdz. CLIN Lemon 500ml</div>
            <div class="pack">
                <span class="ptitle"></span>
                <span class="price"> 4.58 €/l</span>
            </div>
                    </div>
        <div class="infopop">
            <div class="in"><span></span>
                <div class="arrow_top"></div>
                <div class="arrow_bottom"></div>
            </div>
        </div>
    </div>
</div><div class="col-third offer-item">
    <div class="item bl_shadow product-237456 paldies-card  offer-2-l-sp-sku units-price        " data-product-id="237456" data-timeout="77" data-dates-interval="30.01.2025. - 29.04.2026." tabindex="0" role="button">
                                                    <div class="discount price with-unit-price ">
                                                                            <div class="paldies-card-icon with-unit-price">
                        <img src="/images/front/icons/paldies2-icon.png" alt="Paldies">
                    </div>
                                                                                                                                
                    <div class="t1 with-unit-price paldies-card">
            <span class="value">1</span>
            <span class="cents">99</span>
            <span class="eur">€</span>
            <span class="unit-price">3.98 €/l</span>
        </div>
                    <div class="t2">
                <span class="value">2,29</span>
                <span class="eur">€</span>
            </div>
            <div class="t3 with-unit-price">
                <span class="value">2</span>
                <span class="cents">29</span>
                <span class="eur">€</span>
                <span class="unit-price">4.58 €/l</span>            </div>
            
    <span class="vline"></span>
</div>                    		
        
        
        <div class="tags tags_primary bottom_icons">
                                                            
                                <div data-alt="Atlaide ar PALDIES karti" class="tag tag-soap-2 " style="background-image: url('/uploads/sale/atlaide-ar-paldies-karti-7358.png');                     ">
                </div>
                                                                            
                                <div data-alt="Prece pieejama MAXIMA XX veikalos" class="tag tag-soap-3 tag-shops" style="background-image: url('/uploads/sale/piedavajums-speka-maxima-xx-veikalos-6057.png');                     ">
                </div>
                                                                            
                                <div data-alt="Prece pieejama MAXIMA XXX veikalos" class="tag tag-soap-4 tag-shops" style="background-image: url('/uploads/sale/piedavajums-speka-maxima-xxx-veikalos-3117.png');                     ">
                </div>
                                                                            
                                <div data-alt="CENU LĪDERI" class="tag tag-soap-29 " style="background-image: url('/uploads/sale/cenu-lideri-6010.png');                     ">
                </div>
                            
                    </div>
        <div class="tags tags_primary info_icon">
            
    <div data-alt="Preču piedāvājums atšķirīgs Maxima veikalos, ar aktuālo akcijas preču piedāvājumu aicinām iepazīties uz vietas veikalā!" class="tag i"></div>

        </div>

        <div class="info-notice">
            


                                                                                                                                    </div>

        <div class="img">
          <img alt="Logu tīr.līdz.CLIN BLUE 500ml" src="/uploads/sale/2025/sales_page/10/29//logu-tir-lidz-clin-blue-500ml-00975-1029180624.png?1761753984">
        </div>
        <div class="text paldies-card      ">
            <div class="title">Logu tīr.līdz.CLIN BLUE 500ml</div>
            <div class="pack">
                <span class="ptitle"></span>
                <span class="price"> 4.58 €/l</span>
            </div>
                    </div>
        <div class="infopop">
            <div class="in"><span></span>
                <div class="arrow_top"></div>
                <div class="arrow_bottom"></div>
            </div>
        </div>
    </div>
</div><div class="col-third offer-item">
    <div class="item bl_shadow product-237564 paldies-card  offer-2-l-sp-sku units-price        " data-product-id="237564" data-timeout="77" data-dates-interval="30.10.2025. - 29.04.2026." tabindex="0" role="button">
                                                    <div class="discount price with-unit-price ">
                                                                            <div class="paldies-card-icon with-unit-price">
                        <img src="/images/front/icons/paldies2-icon.png" alt="Paldies">
                    </div>
                                                                
                    <div class="t1 with-unit-price paldies-card">
            <span class="value">2</span>
            <span class="cents">29</span>
            <span class="eur">€</span>
            <span class="unit-price">4.58 €/l</span>
        </div>
                    <div class="t2">
                <span class="value">3,89</span>
                <span class="eur">€</span>
            </div>
            <div class="t3 with-unit-price">
                <span class="value">3</span>
                <span class="cents">89</span>
                <span class="eur">€</span>
                <span class="unit-price">7.78 €/l</span>            </div>
            
    <span class="vline"></span>
</div>                    		
        
        
        <div class="tags tags_primary bottom_icons">
                                                            
                                <div data-alt="Atlaide ar PALDIES karti" class="tag tag-soap-2 " style="background-image: url('/uploads/sale/atlaide-ar-paldies-karti-7358.png');                     ">
                </div>
                                                                            
                                <div data-alt="CENU LĪDERI" class="tag tag-soap-29 " style="background-image: url('/uploads/sale/cenu-lideri-6010.png');                     ">
                </div>
                            
                    </div>
        <div class="tags tags_primary info_icon">
            
    <div data-alt="Preču piedāvājums atšķirīgs Maxima veikalos, ar aktuālo akcijas preču piedāvājumu aicinām iepazīties uz vietas veikalā!" class="tag i"></div>

        </div>

        <div class="info-notice">
            


                                                                            </div>

        <div class="img">
          <img alt="Šķid.ziepes PALMOLIVE ALM.MILK rez.500ml" src="/uploads/sale/2025/sales_page/10/31//skid-ziepes-palmolive-alm-milk-rez-500ml-00976-0210090017.png?1770706817">
        </div>
        <div class="text paldies-card      ">
            <div class="title">Šķid.ziepes PALMOLIVE ALM.MILK rez.500ml</div>
            <div class="pack">
                <span class="ptitle"></span>
                <span class="price"> 7.78 €/l</span>
            </div>
                    </div>
        <div class="infopop">
            <div class="in"><span></span>
                <div class="arrow_top"></div>
                <div class="arrow_bottom"></div>
            </div>
        </div>
    </div>
</div><div class="col-third offer-item">
    <div class="item bl_shadow product-237549 paldies-card  offer-2-l-sp-sku units-price        " data-product-id="237549" data-timeout="77" data-dates-interval="30.10.2025. - 29.04.2026." tabindex="0" role="button">
                                                    <div class="discount price with-unit-price ">
                                                                            <div class="paldies-card-icon with-unit-price">
                        <img src="/images/front/icons/paldies2-icon.png" alt="Paldies">
                    </div>
                                                                
                    <div class="t1 with-unit-price paldies-card">
            <span class="value">2</span>
            <span class="cents">79</span>
            <span class="eur">€</span>
            <span class="unit-price">2.79 €/gab</span>
        </div>
                    <div class="t2">
                <span class="value">4,69</span>
                <span class="eur">€</span>
            </div>
            <div class="t3 with-unit-price">
                <span class="value">4</span>
                <span class="cents">69</span>
                <span class="eur">€</span>
                <span class="unit-price">4.69 €/gab</span>            </div>
            
    <span class="vline"></span>
</div>                    		
        
        
        <div class="tags tags_primary bottom_icons">
                                                            
                                <div data-alt="Atlaide ar PALDIES karti" class="tag tag-soap-2 " style="background-image: url('/uploads/sale/atlaide-ar-paldies-karti-7358.png');                     ">
                </div>
                                                                            
                                <div data-alt="CENU LĪDERI" class="tag tag-soap-29 " style="background-image: url('/uploads/sale/cenu-lideri-6010.png');                     ">
                </div>
                            
                    </div>
        <div class="tags tags_primary info_icon">
            
    <div data-alt="Preču piedāvājums atšķirīgs Maxima veikalos, ar aktuālo akcijas preču piedāvājumu aicinām iepazīties uz vietas veikalā!" class="tag i"></div>

        </div>

        <div class="info-notice">
            


                                                                            </div>

        <div class="img">
          <img alt="Zobu birste COLGATE SLIM SOFT BLACK" src="/uploads/sale/2025/sales_page/10/30//zobu-birste-colgate-slim-soft-black-00977-0210085518.png?1770706518">
        </div>
        <div class="text paldies-card      ">
            <div class="title">Zobu birste COLGATE SLIM SOFT BLACK</div>
            <div class="pack">
                <span class="ptitle"></span>
                <span class="price"> 4.69 €/gab</span>
            </div>
                    </div>
        <div class="infopop">
            <div class="in"><span></span>
                <div class="arrow_top"></div>
                <div class="arrow_bottom"></div>
            </div>
        </div>
    </div>
</div><div class="col-third offer-item">
    <div class="item bl_shadow product-237457 paldies-card  offer-2-l-sp-sku units-price        " data-product-id="237457" data-timeout="77" data-dates-interval="30.01.2025. - 29.04.2026." tabindex="0" role="button">
                                                    <div class="discount price with-unit-price ">
                                                                            <div class="paldies-card-icon with-unit-price">
                        <img src="/images/front/icons/paldies2-icon.png" alt="Paldies">
                    </div>
                                                                
                    <div class="t1 with-unit-price paldies-card">
            <span class="value">2</span>
            <span class="cents">59</span>
            <span class="eur">€</span>
            <span class="unit-price">17.27 €/l</span>
        </div>
                    <div class="t2">
                <span class="value">4,79</span>
                <span class="eur">€</span>
            </div>
            <div class="t3 with-unit-price">
                <span class="value">4</span>
                <span class="cents">79</span>
                <span class="eur">€</span>
                <span class="unit-price">31.93 €/l</span>            </div>
            
    <span class="vline"></span>
</div>                    		
        
        
        <div class="tags tags_primary bottom_icons">
                                                            
                                <div data-alt="Atlaide ar PALDIES karti" class="tag tag-soap-2 " style="background-image: url('/uploads/sale/atlaide-ar-paldies-karti-7358.png');                     ">
                </div>
                                                                            
                                <div data-alt="CENU LĪDERI" class="tag tag-soap-29 " style="background-image: url('/uploads/sale/cenu-lideri-6010.png');                     ">
                </div>
                            
                    </div>
        <div class="tags tags_primary info_icon">
            
    <div data-alt="Preču piedāvājums atšķirīgs Maxima veikalos, ar aktuālo akcijas preču piedāvājumu aicinām iepazīties uz vietas veikalā!" class="tag i"></div>

        </div>

        <div class="info-notice">
            


                                                                            </div>

        <div class="img">
          <img alt="Dezod. REXONA INVISIBLE B&amp;W vīr. 150ml" src="/uploads/sale/2025/sales_page/10/29//dezod-rexona-invisible-b-w-vir-150ml-00978-0210093018.png?1770708618">
        </div>
        <div class="text paldies-card      ">
            <div class="title">Dezod. REXONA INVISIBLE B&amp;W vīr. 150ml</div>
            <div class="pack">
                <span class="ptitle"></span>
                <span class="price"> 31.93 €/l</span>
            </div>
                    </div>
        <div class="infopop">
            <div class="in"><span></span>
                <div class="arrow_top"></div>
                <div class="arrow_bottom"></div>
            </div>
        </div>
    </div>
</div><div class="col-third offer-item">
    <div class="item bl_shadow product-237458 paldies-card  offer-2-l-sp-sku units-price        " data-product-id="237458" data-timeout="77" data-dates-interval="30.07.2024. - 29.04.2026." tabindex="0" role="button">
                                                    <div class="discount price with-unit-price ">
                                                                            <div class="paldies-card-icon with-unit-price">
                        <img src="/images/front/icons/paldies2-icon.png" alt="Paldies">
                    </div>
                                                                
                    <div class="t1 with-unit-price paldies-card">
            <span class="value">1</span>
            <span class="cents">99</span>
            <span class="eur">€</span>
            <span class="unit-price">2.84 €/l</span>
        </div>
                    <div class="t2">
                <span class="value">4,35</span>
                <span class="eur">€</span>
            </div>
            <div class="t3 with-unit-price">
                <span class="value">4</span>
                <span class="cents">35</span>
                <span class="eur">€</span>
                <span class="unit-price">6.21 €/l</span>            </div>
            
    <span class="vline"></span>
</div>                    		
        
        
        <div class="tags tags_primary bottom_icons">
                                                            
                                <div data-alt="Atlaide ar PALDIES karti" class="tag tag-soap-2 " style="background-image: url('/uploads/sale/atlaide-ar-paldies-karti-7358.png');                     ">
                </div>
                                                                            
                                <div data-alt="CENU LĪDERI" class="tag tag-soap-29 " style="background-image: url('/uploads/sale/cenu-lideri-6010.png');                     ">
                </div>
                            
                    </div>
        <div class="tags tags_primary info_icon">
            
    <div data-alt="Preču piedāvājums atšķirīgs Maxima veikalos, ar aktuālo akcijas preču piedāvājumu aicinām iepazīties uz vietas veikalā!" class="tag i"></div>

        </div>

        <div class="info-notice">
            


                                                                            </div>

        <div class="img">
          <img alt="Tual.tīr.līdz. DOMESTOS Lime 700ml" src="/uploads/sale/2025/sales_page/10/29//tual-tir-lidz-domestos-lime-700ml-00979-1029180137.png?1761753697">
        </div>
        <div class="text paldies-card      ">
            <div class="title">Tual.tīr.līdz. DOMESTOS Lime 700ml</div>
            <div class="pack">
                <span class="ptitle"></span>
                <span class="price"> 6.21 €/l</span>
            </div>
                    </div>
        <div class="infopop">
            <div class="in"><span></span>
                <div class="arrow_top"></div>
                <div class="arrow_bottom"></div>
            </div>
        </div>
    </div>
</div><div class="col-third offer-item">
    <div class="item bl_shadow product-237565 paldies-card  offer-2-l-sp-sku units-price        " data-product-id="237565" data-timeout="77" data-dates-interval="30.10.2025. - 29.04.2026." tabindex="0" role="button">
                                                    <div class="discount price with-unit-price ">
                                                                            <div class="paldies-card-icon with-unit-price">
                        <img src="/images/front/icons/paldies2-icon.png" alt="Paldies">
                    </div>
                                                                
                    <div class="t1 with-unit-price paldies-card">
            <span class="value">3</span>
            <span class="cents">99</span>
            <span class="eur">€</span>
            <span class="unit-price">53.20 €/l</span>
        </div>
                    <div class="t2">
                <span class="value">5,69</span>
                <span class="eur">€</span>
            </div>
            <div class="t3 with-unit-price">
                <span class="value">5</span>
                <span class="cents">69</span>
                <span class="eur">€</span>
                <span class="unit-price">75.87 €/l</span>            </div>
            
    <span class="vline"></span>
</div>                    		
        
        
        <div class="tags tags_primary bottom_icons">
                                                            
                                <div data-alt="Atlaide ar PALDIES karti" class="tag tag-soap-2 " style="background-image: url('/uploads/sale/atlaide-ar-paldies-karti-7358.png');                     ">
                </div>
                                                                            
                                <div data-alt="CENU LĪDERI" class="tag tag-soap-29 " style="background-image: url('/uploads/sale/cenu-lideri-6010.png');                     ">
                </div>
                            
                    </div>
        <div class="tags tags_primary info_icon">
            
    <div data-alt="Preču piedāvājums atšķirīgs Maxima veikalos, ar aktuālo akcijas preču piedāvājumu aicinām iepazīties uz vietas veikalā!" class="tag i"></div>

        </div>

        <div class="info-notice">
            


                                                                            </div>

        <div class="img">
          <img alt="Zobu pasta ELMEX JUNIOR 6-12 gadi 75ml" src="/uploads/sale/2025/sales_page/10/31//zobu-pasta-elmex-junior-6-12-gadi-75ml-00983-0210085518.png?1770706518">
        </div>
        <div class="text paldies-card      ">
            <div class="title">Zobu pasta ELMEX JUNIOR 6-12 gadi 75ml</div>
            <div class="pack">
                <span class="ptitle"></span>
                <span class="price"> 75.87 €/l</span>
            </div>
                    </div>
        <div class="infopop">
            <div class="in"><span></span>
                <div class="arrow_top"></div>
                <div class="arrow_bottom"></div>
            </div>
        </div>
    </div>
</div><div class="col-third offer-item">
    <div class="item bl_shadow product-237461 paldies-card  offer-2-l-sp-sku units-price        " data-product-id="237461" data-timeout="77" data-dates-interval="29.07.2024. - 29.04.2026." tabindex="0" role="button">
                                                    <div class="discount price with-unit-price ">
                                                                            <div class="paldies-card-icon with-unit-price">
                        <img src="/images/front/icons/paldies2-icon.png" alt="Paldies">
                    </div>
                                                                
                    <div class="t1 with-unit-price paldies-card">
            <span class="value">3</span>
            <span class="cents">99</span>
            <span class="eur">€</span>
            <span class="unit-price">5.32 €/l</span>
        </div>
                    <div class="t2">
                <span class="value">8,19</span>
                <span class="eur">€</span>
            </div>
            <div class="t3 with-unit-price">
                <span class="value">8</span>
                <span class="cents">19</span>
                <span class="eur">€</span>
                <span class="unit-price">10.92 €/l</span>            </div>
            
    <span class="vline"></span>
</div>                    		
        
        
        <div class="tags tags_primary bottom_icons">
                                                            
                                <div data-alt="Atlaide ar PALDIES karti" class="tag tag-soap-2 " style="background-image: url('/uploads/sale/atlaide-ar-paldies-karti-7358.png');                     ">
                </div>
                                                                            
                                <div data-alt="CENU LĪDERI" class="tag tag-soap-29 " style="background-image: url('/uploads/sale/cenu-lideri-6010.png');                     ">
                </div>
                            
                    </div>
        <div class="tags tags_primary info_icon">
            
    <div data-alt="Preču piedāvājums atšķirīgs Maxima veikalos, ar aktuālo akcijas preču piedāvājumu aicinām iepazīties uz vietas veikalā!" class="tag i"></div>

        </div>

        <div class="info-notice">
            


                                                                            </div>

        <div class="img">
          <img alt="Tīrīšanas līdz.CILLIT BANG Limesc. 750ml" src="/uploads/sale/2025/sales_page/10/29//tirisanas-lidz-cillit-bang-limesc-750ml-00984-1029180520.png?1761753920">
        </div>
        <div class="text paldies-card      ">
            <div class="title">Tīrīšanas līdz.CILLIT BANG Limesc. 750ml</div>
            <div class="pack">
                <span class="ptitle"></span>
                <span class="price"> 10.92 €/l</span>
            </div>
                    </div>
        <div class="infopop">
            <div class="in"><span></span>
                <div class="arrow_top"></div>
                <div class="arrow_bottom"></div>
            </div>
        </div>
    </div>
</div><div class="col-third offer-item">
    <div class="item bl_shadow product-237656 paldies-card  offer-2-l-sp-sku units-price        " data-product-id="237656" data-timeout="77" data-dates-interval="30.10.2025. - 29.04.2026." tabindex="0" role="button">
                                                    <div class="discount price with-unit-price ">
                                                                            <div class="paldies-card-icon with-unit-price">
                        <img src="/images/front/icons/paldies2-icon.png" alt="Paldies">
                    </div>
                                                                                                
                    <div class="t1 with-unit-price paldies-card">
            <span class="value">2</span>
            <span class="cents">29</span>
            <span class="eur">€</span>
            <span class="unit-price">0.14 €/gab</span>
        </div>
                    <div class="t2">
                <span class="value">3,39</span>
                <span class="eur">€</span>
            </div>
            <div class="t3 with-unit-price">
                <span class="value">3</span>
                <span class="cents">39</span>
                <span class="eur">€</span>
                <span class="unit-price">0.21 €/gab</span>            </div>
            
    <span class="vline"></span>
</div>                    		
        
        
        <div class="tags tags_primary bottom_icons">
                                                            
                                <div data-alt="Atlaide ar PALDIES karti" class="tag tag-soap-2 " style="background-image: url('/uploads/sale/atlaide-ar-paldies-karti-7358.png');                     ">
                </div>
                                                                            
                                <div data-alt="Prece pieejama MAXIMA XXX veikalos" class="tag tag-soap-4 tag-shops" style="background-image: url('/uploads/sale/piedavajums-speka-maxima-xxx-veikalos-3117.png');                     ">
                </div>
                                                                            
                                <div data-alt="CENU LĪDERI" class="tag tag-soap-29 " style="background-image: url('/uploads/sale/cenu-lideri-6010.png');                     ">
                </div>
                            
                    </div>
        <div class="tags tags_primary info_icon">
            
    <div data-alt="Preču piedāvājums atšķirīgs Maxima veikalos, ar aktuālo akcijas preču piedāvājumu aicinām iepazīties uz vietas veikalā!" class="tag i"></div>

        </div>

        <div class="info-notice">
            


                                                                                                        </div>

        <div class="img">
          <img alt="Ikd.ieliktn.LADY ANION Dayliner 16gab." src="/uploads/sale/2025/sales_page/10/31//ikd-ieliktn-lady-anion-dayliner-16gab-00987-1031101519.png?1761898519">
        </div>
        <div class="text paldies-card      ">
            <div class="title">Ikd.ieliktn.LADY ANION Dayliner 16gab.</div>
            <div class="pack">
                <span class="ptitle"></span>
                <span class="price"> 0.21 €/gab</span>
            </div>
                    </div>
        <div class="infopop">
            <div class="in"><span></span>
                <div class="arrow_top"></div>
                <div class="arrow_bottom"></div>
            </div>
        </div>
    </div>
</div><div class="col-third offer-item">
    <div class="item bl_shadow product-237566 paldies-card  offer-2-l-sp-sku units-price        " data-product-id="237566" data-timeout="77" data-dates-interval="29.07.2024. - 29.04.2026." tabindex="0" role="button">
                                                    <div class="discount price with-unit-price ">
                                                                            <div class="paldies-card-icon with-unit-price">
                        <img src="/images/front/icons/paldies2-icon.png" alt="Paldies">
                    </div>
                                                                
                    <div class="t1 with-unit-price paldies-card">
            <span class="value">3</span>
            <span class="cents">99</span>
            <span class="eur">€</span>
            <span class="unit-price">5.32 €/l</span>
        </div>
                    <div class="t2">
                <span class="value">8,19</span>
                <span class="eur">€</span>
            </div>
            <div class="t3 with-unit-price">
                <span class="value">8</span>
                <span class="cents">19</span>
                <span class="eur">€</span>
                <span class="unit-price">10.92 €/l</span>            </div>
            
    <span class="vline"></span>
</div>                    		
        
        
        <div class="tags tags_primary bottom_icons">
                                                            
                                <div data-alt="Atlaide ar PALDIES karti" class="tag tag-soap-2 " style="background-image: url('/uploads/sale/atlaide-ar-paldies-karti-7358.png');                     ">
                </div>
                                                                            
                                <div data-alt="CENU LĪDERI" class="tag tag-soap-29 " style="background-image: url('/uploads/sale/cenu-lideri-6010.png');                     ">
                </div>
                            
                    </div>
        <div class="tags tags_primary info_icon">
            
    <div data-alt="Preču piedāvājums atšķirīgs Maxima veikalos, ar aktuālo akcijas preču piedāvājumu aicinām iepazīties uz vietas veikalā!" class="tag i"></div>

        </div>

        <div class="info-notice">
            


                                                                            </div>

        <div class="img">
          <img alt="Tīrīšanas līdz.CILLIT BANG Grease..750ML" src="/uploads/sale/2025/sales_page/10/31//tirisanas-lidz-cillit-bang-grease-750ml-00988-1031094019.png?1761896419">
        </div>
        <div class="text paldies-card      ">
            <div class="title">Tīrīšanas līdz.CILLIT BANG Grease..750ML</div>
            <div class="pack">
                <span class="ptitle"></span>
                <span class="price"> 10.92 €/l</span>
            </div>
                    </div>
        <div class="infopop">
            <div class="in"><span></span>
                <div class="arrow_top"></div>
                <div class="arrow_bottom"></div>
            </div>
        </div>
    </div>
</div><div class="col-third offer-item">
    <div class="item bl_shadow product-237424 paldies-card  offer-2-l-sp-sku units-price        " data-product-id="237424" data-timeout="77" data-dates-interval="30.07.2024. - 29.04.2026." tabindex="0" role="button">
                                                    <div class="discount price with-unit-price ">
                                                                            <div class="paldies-card-icon with-unit-price">
                        <img src="/images/front/icons/paldies2-icon.png" alt="Paldies">
                    </div>
                                                                
                    <div class="t1 with-unit-price paldies-card">
            <span class="value">3</span>
            <span class="cents">99</span>
            <span class="eur">€</span>
            <span class="unit-price">5.32 €/l</span>
        </div>
                    <div class="t2">
                <span class="value">8,19</span>
                <span class="eur">€</span>
            </div>
            <div class="t3 with-unit-price">
                <span class="value">8</span>
                <span class="cents">19</span>
                <span class="eur">€</span>
                <span class="unit-price">10.92 €/l</span>            </div>
            
    <span class="vline"></span>
</div>                    		
        
        
        <div class="tags tags_primary bottom_icons">
                                                            
                                <div data-alt="Atlaide ar PALDIES karti" class="tag tag-soap-2 " style="background-image: url('/uploads/sale/atlaide-ar-paldies-karti-7358.png');                     ">
                </div>
                                                                            
                                <div data-alt="CENU LĪDERI" class="tag tag-soap-29 " style="background-image: url('/uploads/sale/cenu-lideri-6010.png');                     ">
                </div>
                            
                    </div>
        <div class="tags tags_primary info_icon">
            
    <div data-alt="Preču piedāvājums atšķirīgs Maxima veikalos, ar aktuālo akcijas preču piedāvājumu aicinām iepazīties uz vietas veikalā!" class="tag i"></div>

        </div>

        <div class="info-notice">
            


                                                                            </div>

        <div class="img">
          <img alt="Tīr.līdz.CILLIT BANG BLEACH&amp;HYG. 750ML" src="/uploads/sale/2025/sales_page/10/29//tir-lidz-cillit-bang-bleach-hyg-750ml-00989-1029180520.png?1761753920">
        </div>
        <div class="text paldies-card      ">
            <div class="title">Tīr.līdz.CILLIT BANG BLEACH&amp;HYG. 750ML</div>
            <div class="pack">
                <span class="ptitle"></span>
                <span class="price"> 10.92 €/l</span>
            </div>
                    </div>
        <div class="infopop">
            <div class="in"><span></span>
                <div class="arrow_top"></div>
                <div class="arrow_bottom"></div>
            </div>
        </div>
    </div>
</div><div class="col-third offer-item">
    <div class="item bl_shadow product-237646 paldies-card  offer-2-l-sp-sku units-price        " data-product-id="237646" data-timeout="77" data-dates-interval="30.10.2025. - 29.04.2026." tabindex="0" role="button">
                                                    <div class="discount price with-unit-price ">
                                                                            <div class="paldies-card-icon with-unit-price">
                        <img src="/images/front/icons/paldies2-icon.png" alt="Paldies">
                    </div>
                                                                                                                                
                    <div class="t1 with-unit-price paldies-card">
            <span class="value">5</span>
            <span class="cents">49</span>
            <span class="eur">€</span>
            <span class="unit-price">73.20 €/l</span>
        </div>
                    <div class="t2">
                <span class="value">9,29</span>
                <span class="eur">€</span>
            </div>
            <div class="t3 with-unit-price">
                <span class="value">9</span>
                <span class="cents">29</span>
                <span class="eur">€</span>
                <span class="unit-price">123.87 €/l</span>            </div>
            
    <span class="vline"></span>
</div>                    		
        
        
        <div class="tags tags_primary bottom_icons">
                                                            
                                <div data-alt="Atlaide ar PALDIES karti" class="tag tag-soap-2 " style="background-image: url('/uploads/sale/atlaide-ar-paldies-karti-7358.png');                     ">
                </div>
                                                                            
                                <div data-alt="Prece pieejama MAXIMA XX veikalos" class="tag tag-soap-3 tag-shops" style="background-image: url('/uploads/sale/piedavajums-speka-maxima-xx-veikalos-6057.png');                     ">
                </div>
                                                                            
                                <div data-alt="Prece pieejama MAXIMA XXX veikalos" class="tag tag-soap-4 tag-shops" style="background-image: url('/uploads/sale/piedavajums-speka-maxima-xxx-veikalos-3117.png');                     ">
                </div>
                                                                            
                                <div data-alt="CENU LĪDERI" class="tag tag-soap-29 " style="background-image: url('/uploads/sale/cenu-lideri-6010.png');                     ">
                </div>
                            
                    </div>
        <div class="tags tags_primary info_icon">
            
    <div data-alt="Preču piedāvājums atšķirīgs Maxima veikalos, ar aktuālo akcijas preču piedāvājumu aicinām iepazīties uz vietas veikalā!" class="tag i"></div>

        </div>

        <div class="info-notice">
            


                                                                                                                                    </div>

        <div class="img">
          <img alt="Zobu pasta BLANX WHITE SHOCK 75ml" src="/uploads/sale/2025/sales_page/10/31//zobu-pasta-blanx-white-shock-75ml-00968-0210085017.png?1770706217">
        </div>
        <div class="text paldies-card      ">
            <div class="title">Zobu pasta BLANX WHITE SHOCK 75ml</div>
            <div class="pack">
                <span class="ptitle"></span>
                <span class="price"> 123.87 €/l</span>
            </div>
                    </div>
        <div class="infopop">
            <div class="in"><span></span>
                <div class="arrow_top"></div>
                <div class="arrow_bottom"></div>
            </div>
        </div>
    </div>
</div><div class="col-third offer-item">
    <div class="item bl_shadow product-237585 paldies-card  offer-2-l-sp-sku units-price        " data-product-id="237585" data-timeout="77" data-dates-interval="30.10.2025. - 29.04.2026." tabindex="0" role="button">
                                                    <div class="discount price with-unit-price ">
                                                                            <div class="paldies-card-icon with-unit-price">
                        <img src="/images/front/icons/paldies2-icon.png" alt="Paldies">
                    </div>
                                                                                                                                
                    <div class="t1 with-unit-price paldies-card">
            <span class="value">1</span>
            <span class="cents">19</span>
            <span class="eur">€</span>
            <span class="unit-price">0.10 €/gab</span>
        </div>
                    <div class="t2">
                <span class="value">1,69</span>
                <span class="eur">€</span>
            </div>
            <div class="t3 with-unit-price">
                <span class="value">1</span>
                <span class="cents">69</span>
                <span class="eur">€</span>
                <span class="unit-price">0.14 €/gab</span>            </div>
            
    <span class="vline"></span>
</div>                    		
        
        
        <div class="tags tags_primary bottom_icons">
                                                            
                                <div data-alt="Atlaide ar PALDIES karti" class="tag tag-soap-2 " style="background-image: url('/uploads/sale/atlaide-ar-paldies-karti-7358.png');                     ">
                </div>
                                                                            
                                <div data-alt="Prece pieejama MAXIMA XX veikalos" class="tag tag-soap-3 tag-shops" style="background-image: url('/uploads/sale/piedavajums-speka-maxima-xx-veikalos-6057.png');                     ">
                </div>
                                                                            
                                <div data-alt="Prece pieejama MAXIMA XXX veikalos" class="tag tag-soap-4 tag-shops" style="background-image: url('/uploads/sale/piedavajums-speka-maxima-xxx-veikalos-3117.png');                     ">
                </div>
                                                                            
                                <div data-alt="CENU LĪDERI" class="tag tag-soap-29 " style="background-image: url('/uploads/sale/cenu-lideri-6010.png');                     ">
                </div>
                            
                    </div>
        <div class="tags tags_primary info_icon">
            
    <div data-alt="Preču piedāvājums atšķirīgs Maxima veikalos, ar aktuālo akcijas preču piedāvājumu aicinām iepazīties uz vietas veikalā!" class="tag i"></div>

        </div>

        <div class="info-notice">
            


                                                                                                                                    </div>

        <div class="img">
          <img alt="Hig.paketes BELLA HERBS VERBENA 12gab." src="/uploads/sale/2025/sales_page/10/31//hig-paketes-bella-herbs-verbena-12gab-00971-1031094023.png?1761896423">
        </div>
        <div class="text paldies-card      ">
            <div class="title">Hig.paketes BELLA HERBS VERBENA 12gab.</div>
            <div class="pack">
                <span class="ptitle"></span>
                <span class="price"> 0.14 €/gab</span>
            </div>
                    </div>
        <div class="infopop">
            <div class="in"><span></span>
                <div class="arrow_top"></div>
                <div class="arrow_bottom"></div>
            </div>
        </div>
    </div>
</div><div class="col-third offer-item">
    <div class="item bl_shadow product-237586 paldies-card  offer-2-l-sp-sku units-price        " data-product-id="237586" data-timeout="77" data-dates-interval="30.10.2025. - 29.04.2026." tabindex="0" role="button">
                                                    <div class="discount price with-unit-price ">
                                                                            <div class="paldies-card-icon with-unit-price">
                        <img src="/images/front/icons/paldies2-icon.png" alt="Paldies">
                    </div>
                                                                                                                                
                    <div class="t1 with-unit-price paldies-card">
            <span class="value">2</span>
            <span class="cents">29</span>
            <span class="eur">€</span>
            <span class="unit-price">0.23 €/gab</span>
        </div>
                    <div class="t2">
                <span class="value">3,39</span>
                <span class="eur">€</span>
            </div>
            <div class="t3 with-unit-price">
                <span class="value">3</span>
                <span class="cents">39</span>
                <span class="eur">€</span>
                <span class="unit-price">0.34 €/gab</span>            </div>
            
    <span class="vline"></span>
</div>                    		
        
        
        <div class="tags tags_primary bottom_icons">
                                                            
                                <div data-alt="Atlaide ar PALDIES karti" class="tag tag-soap-2 " style="background-image: url('/uploads/sale/atlaide-ar-paldies-karti-7358.png');                     ">
                </div>
                                                                            
                                <div data-alt="Prece pieejama MAXIMA XX veikalos" class="tag tag-soap-3 tag-shops" style="background-image: url('/uploads/sale/piedavajums-speka-maxima-xx-veikalos-6057.png');                     ">
                </div>
                                                                            
                                <div data-alt="Prece pieejama MAXIMA XXX veikalos" class="tag tag-soap-4 tag-shops" style="background-image: url('/uploads/sale/piedavajums-speka-maxima-xxx-veikalos-3117.png');                     ">
                </div>
                                                                            
                                <div data-alt="CENU LĪDERI" class="tag tag-soap-29 " style="background-image: url('/uploads/sale/cenu-lideri-6010.png');                     ">
                </div>
                            
                    </div>
        <div class="tags tags_primary info_icon">
            
    <div data-alt="Preču piedāvājums atšķirīgs Maxima veikalos, ar aktuālo akcijas preču piedāvājumu aicinām iepazīties uz vietas veikalā!" class="tag i"></div>

        </div>

        <div class="info-notice">
            


                                                                                                                                    </div>

        <div class="img">
          <img alt="Higiēn.paketes LADY ANION Day Use 10gab." src="/uploads/sale/2025/sales_page/10/31//higien-paketes-lady-anion-day-use-10gab-00972-1031094023.png?1761896423">
        </div>
        <div class="text paldies-card      ">
            <div class="title">Higiēn.paketes LADY ANION Day Use 10gab.</div>
            <div class="pack">
                <span class="ptitle"></span>
                <span class="price"> 0.34 €/gab</span>
            </div>
                    </div>
        <div class="infopop">
            <div class="in"><span></span>
                <div class="arrow_top"></div>
                <div class="arrow_bottom"></div>
            </div>
        </div>
    </div>
</div><div class="col-third offer-item">
    <div class="item bl_shadow product-237563 paldies-card  offer-2-l-sp-sku units-price        " data-product-id="237563" data-timeout="77" data-dates-interval="30.10.2025. - 29.04.2026." tabindex="0" role="button">
                                                    <div class="discount price with-unit-price ">
                                                                            <div class="paldies-card-icon with-unit-price">
                        <img src="/images/front/icons/paldies2-icon.png" alt="Paldies">
                    </div>
                                                                                                                                
                    <div class="t1 with-unit-price paldies-card">
            <span class="value">2</span>
            <span class="cents">29</span>
            <span class="eur">€</span>
            <span class="unit-price">0.29 €/gab</span>
        </div>
                    <div class="t2">
                <span class="value">3,39</span>
                <span class="eur">€</span>
            </div>
            <div class="t3 with-unit-price">
                <span class="value">3</span>
                <span class="cents">39</span>
                <span class="eur">€</span>
                <span class="unit-price">0.42 €/gab</span>            </div>
            
    <span class="vline"></span>
</div>                    		
        
        
        <div class="tags tags_primary bottom_icons">
                                                            
                                <div data-alt="Atlaide ar PALDIES karti" class="tag tag-soap-2 " style="background-image: url('/uploads/sale/atlaide-ar-paldies-karti-7358.png');                     ">
                </div>
                                                                            
                                <div data-alt="Prece pieejama MAXIMA XX veikalos" class="tag tag-soap-3 tag-shops" style="background-image: url('/uploads/sale/piedavajums-speka-maxima-xx-veikalos-6057.png');                     ">
                </div>
                                                                            
                                <div data-alt="Prece pieejama MAXIMA XXX veikalos" class="tag tag-soap-4 tag-shops" style="background-image: url('/uploads/sale/piedavajums-speka-maxima-xxx-veikalos-3117.png');                     ">
                </div>
                                                                            
                                <div data-alt="CENU LĪDERI" class="tag tag-soap-29 " style="background-image: url('/uploads/sale/cenu-lideri-6010.png');                     ">
                </div>
                            
                    </div>
        <div class="tags tags_primary info_icon">
            
    <div data-alt="Preču piedāvājums atšķirīgs Maxima veikalos, ar aktuālo akcijas preču piedāvājumu aicinām iepazīties uz vietas veikalā!" class="tag i"></div>

        </div>

        <div class="info-notice">
            


                                                                                                                                    </div>

        <div class="img">
          <img alt="Hig.paketes LADY ANION Night Use 8gab." src="/uploads/sale/2025/sales_page/10/31//hig-paketes-lady-anion-night-use-8gab-00973-1031094019.png?1761896419">
        </div>
        <div class="text paldies-card      ">
            <div class="title">Hig.paketes LADY ANION Night Use 8gab.</div>
            <div class="pack">
                <span class="ptitle"></span>
                <span class="price"> 0.42 €/gab</span>
            </div>
                    </div>
        <div class="infopop">
            <div class="in"><span></span>
                <div class="arrow_top"></div>
                <div class="arrow_bottom"></div>
            </div>
        </div>
    </div>
</div><div class="col-third offer-item">
    <div class="item bl_shadow product-237455 paldies-card  offer-2-l-sp-sku units-price        " data-product-id="237455" data-timeout="77" data-dates-interval="15.04.2025. - 29.04.2026." tabindex="0" role="button">
                                                    <div class="discount price with-unit-price ">
                                                                            <div class="paldies-card-icon with-unit-price">
                        <img src="/images/front/icons/paldies2-icon.png" alt="Paldies">
                    </div>
                                                                
                    <div class="t1 with-unit-price paldies-card">
            <span class="value">1</span>
            <span class="cents">99</span>
            <span class="eur">€</span>
            <span class="unit-price">3.98 €/l</span>
        </div>
                    <div class="t2">
                <span class="value">2,29</span>
                <span class="eur">€</span>
            </div>
            <div class="t3 with-unit-price">
                <span class="value">2</span>
                <span class="cents">29</span>
                <span class="eur">€</span>
                <span class="unit-price">4.58 €/l</span>            </div>
            
    <span class="vline"></span>
</div>                    		
        
        
        <div class="tags tags_primary bottom_icons">
                                                            
                                <div data-alt="Atlaide ar PALDIES karti" class="tag tag-soap-2 " style="background-image: url('/uploads/sale/atlaide-ar-paldies-karti-7358.png');                     ">
                </div>
                                                                            
                                <div data-alt="CENU LĪDERI" class="tag tag-soap-29 " style="background-image: url('/uploads/sale/cenu-lideri-6010.png');                     ">
                </div>
                            
                    </div>
        <div class="tags tags_primary info_icon">
            
    <div data-alt="Preču piedāvājums atšķirīgs Maxima veikalos, ar aktuālo akcijas preču piedāvājumu aicinām iepazīties uz vietas veikalā!" class="tag i"></div>

        </div>

        <div class="info-notice">
            


                                                                            </div>

        <div class="img">
          <img alt="Stiklu tīrīšanas līdz. CLIN Lemon 500ml" src="/uploads/sale/2025/sales_page/10/29//stiklu-tirisanas-lidz-clin-lemon-500ml-00974-1029180137.png?1761753697">
        </div>
        <div class="text paldies-card      ">
            <div class="title">Stiklu tīrīšanas līdz. CLIN Lemon 500ml</div>
            <div class="pack">
                <span class="ptitle"></span>
                <span class="price"> 4.58 €/l</span>
            </div>
                    </div>
        <div class="infopop">
            <div class="in"><span></span>
                <div class="arrow_top"></div>
                <div class="arrow_bottom"></div>
            </div>
        </div>
    </div>
</div><div class="col-third offer-item">
    <div class="item bl_shadow product-237456 paldies-card  offer-2-l-sp-sku units-price        " data-product-id="237456" data-timeout="77" data-dates-interval="30.01.2025. - 29.04.2026." tabindex="0" role="button">
                                                    <div class="discount price with-unit-price ">
                                                                            <div class="paldies-card-icon with-unit-price">
                        <img src="/images/front/icons/paldies2-icon.png" alt="Paldies">
                    </div>
                                                                                                                                
                    <div class="t1 with-unit-price paldies-card">
            <span class="value">1</span>
            <span class="cents">99</span>
            <span class="eur">€</span>
            <span class="unit-price">3.98 €/l</span>
        </div>
                    <div class="t2">
                <span class="value">2,29</span>
                <span class="eur">€</span>
            </div>
            <div class="t3 with-unit-price">
                <span class="value">2</span>
                <span class="cents">29</span>
                <span class="eur">€</span>
                <span class="unit-price">4.58 €/l</span>            </div>
            
    <span class="vline"></span>
</div>                    		
        
        
        <div class="tags tags_primary bottom_icons">
                                                            
                                <div data-alt="Atlaide ar PALDIES karti" class="tag tag-soap-2 " style="background-image: url('/uploads/sale/atlaide-ar-paldies-karti-7358.png');                     ">
                </div>
                                                                            
                                <div data-alt="Prece pieejama MAXIMA XX veikalos" class="tag tag-soap-3 tag-shops" style="background-image: url('/uploads/sale/piedavajums-speka-maxima-xx-veikalos-6057.png');                     ">
                </div>
                                                                            
                                <div data-alt="Prece pieejama MAXIMA XXX veikalos" class="tag tag-soap-4 tag-shops" style="background-image: url('/uploads/sale/piedavajums-speka-maxima-xxx-veikalos-3117.png');                     ">
                </div>
                                                                            
                                <div data-alt="CENU LĪDERI" class="tag tag-soap-29 " style="background-image: url('/uploads/sale/cenu-lideri-6010.png');                     ">
                </div>
                            
                    </div>
        <div class="tags tags_primary info_icon">
            
    <div data-alt="Preču piedāvājums atšķirīgs Maxima veikalos, ar aktuālo akcijas preču piedāvājumu aicinām iepazīties uz vietas veikalā!" class="tag i"></div>

        </div>

        <div class="info-notice">
            


                                                                                                                                    </div>

        <div class="img">
          <img alt="Logu tīr.līdz.CLIN BLUE 500ml" src="/uploads/sale/2025/sales_page/10/29//logu-tir-lidz-clin-blue-500ml-00975-1029180624.png?1761753984">
        </div>
        <div class="text paldies-card      ">
            <div class="title">Logu tīr.līdz.CLIN BLUE 500ml</div>
            <div class="pack">
                <span class="ptitle"></span>
                <span class="price"> 4.58 €/l</span>
            </div>
                    </div>
        <div class="infopop">
            <div class="in"><span></span>
                <div class="arrow_top"></div>
                <div class="arrow_bottom"></div>
            </div>
        </div>
    </div>
</div><div class="col-third offer-item">
    <div class="item bl_shadow product-237564 paldies-card  offer-2-l-sp-sku units-price        " data-product-id="237564" data-timeout="77" data-dates-interval="30.10.2025. - 29.04.2026." tabindex="0" role="button">
                                                    <div class="discount price with-unit-price ">
                                                                            <div class="paldies-card-icon with-unit-price">
                        <img src="/images/front/icons/paldies2-icon.png" alt="Paldies">
                    </div>
                                                                
                    <div class="t1 with-unit-price paldies-card">
            <span class="value">2</span>
            <span class="cents">29</span>
            <span class="eur">€</span>
            <span class="unit-price">4.58 €/l</span>
        </div>
                    <div class="t2">
                <span class="value">3,89</span>
                <span class="eur">€</span>
            </div>
            <div class="t3 with-unit-price">
                <span class="value">3</span>
                <span class="cents">89</span>
                <span class="eur">€</span>
                <span class="unit-price">7.78 €/l</span>            </div>
            
    <span class="vline"></span>
</div>                    		
        
        
        <div class="tags tags_primary bottom_icons">
                                                            
                                <div data-alt="Atlaide ar PALDIES karti" class="tag tag-soap-2 " style="background-image: url('/uploads/sale/atlaide-ar-paldies-karti-7358.png');                     ">
                </div>
                                                                            
                                <div data-alt="CENU LĪDERI" class="tag tag-soap-29 " style="background-image: url('/uploads/sale/cenu-lideri-6010.png');                     ">
                </div>
                            
                    </div>
        <div class="tags tags_primary info_icon">
            
    <div data-alt="Preču piedāvājums atšķirīgs Maxima veikalos, ar aktuālo akcijas preču piedāvājumu aicinām iepazīties uz vietas veikalā!" class="tag i"></div>

        </div>

        <div class="info-notice">
            


                                                                            </div>

        <div class="img">
          <img alt="Šķid.ziepes PALMOLIVE ALM.MILK rez.500ml" src="/uploads/sale/2025/sales_page/10/31//skid-ziepes-palmolive-alm-milk-rez-500ml-00976-0210090017.png?1770706817">
        </div>
        <div class="text paldies-card      ">
            <div class="title">Šķid.ziepes PALMOLIVE ALM.MILK rez.500ml</div>
            <div class="pack">
                <span class="ptitle"></span>
                <span class="price"> 7.78 €/l</span>
            </div>
                    </div>
        <div class="infopop">
            <div class="in"><span></span>
                <div class="arrow_top"></div>
                <div class="arrow_bottom"></div>
            </div>
        </div>
    </div>
</div><div class="col-third offer-item">
    <div class="item bl_shadow product-237549 paldies-card  offer-2-l-sp-sku units-price        " data-product-id="237549" data-timeout="77" data-dates-interval="30.10.2025. - 29.04.2026." tabindex="0" role="button">
                                                    <div class="discount price with-unit-price ">
                                                                            <div class="paldies-card-icon with-unit-price">
                        <img src="/images/front/icons/paldies2-icon.png" alt="Paldies">
                    </div>
                                                                
                    <div class="t1 with-unit-price paldies-card">
            <span class="value">2</span>
            <span class="cents">79</span>
            <span class="eur">€</span>
            <span class="unit-price">2.79 €/gab</span>
        </div>
                    <div class="t2">
                <span class="value">4,69</span>
                <span class="eur">€</span>
            </div>
            <div class="t3 with-unit-price">
                <span class="value">4</span>
                <span class="cents">69</span>
                <span class="eur">€</span>
                <span class="unit-price">4.69 €/gab</span>            </div>
            
    <span class="vline"></span>
</div>                    		
        
        
        <div class="tags tags_primary bottom_icons">
                                                            
                                <div data-alt="Atlaide ar PALDIES karti" class="tag tag-soap-2 " style="background-image: url('/uploads/sale/atlaide-ar-paldies-karti-7358.png');                     ">
                </div>
                                                                            
                                <div data-alt="CENU LĪDERI" class="tag tag-soap-29 " style="background-image: url('/uploads/sale/cenu-lideri-6010.png');                     ">
                </div>
                            
                    </div>
        <div class="tags tags_primary info_icon">
            
    <div data-alt="Preču piedāvājums atšķirīgs Maxima veikalos, ar aktuālo akcijas preču piedāvājumu aicinām iepazīties uz vietas veikalā!" class="tag i"></div>

        </div>

        <div class="info-notice">
            


                                                                            </div>

        <div class="img">
          <img alt="Zobu birste COLGATE SLIM SOFT BLACK" src="/uploads/sale/2025/sales_page/10/30//zobu-birste-colgate-slim-soft-black-00977-0210085518.png?1770706518">
        </div>
        <div class="text paldies-card      ">
            <div class="title">Zobu birste COLGATE SLIM SOFT BLACK</div>
            <div class="pack">
                <span class="ptitle"></span>
                <span class="price"> 4.69 €/gab</span>
            </div>
                    </div>
        <div class="infopop">
            <div class="in"><span></span>
                <div class="arrow_top"></div>
                <div class="arrow_bottom"></div>
            </div>
        </div>
    </div>
</div><div class="col-third offer-item">
    <div class="item bl_shadow product-237457 paldies-card  offer-2-l-sp-sku units-price        " data-product-id="237457" data-timeout="77" data-dates-interval="30.01.2025. - 29.04.2026." tabindex="0" role="button">
                                                    <div class="discount price with-unit-price ">
                                                                            <div class="paldies-card-icon with-unit-price">
                        <img src="/images/front/icons/paldies2-icon.png" alt="Paldies">
                    </div>
                                                                
                    <div class="t1 with-unit-price paldies-card">
            <span class="value">2</span>
            <span class="cents">59</span>
            <span class="eur">€</span>
            <span class="unit-price">17.27 €/l</span>
        </div>
                    <div class="t2">
                <span class="value">4,79</span>
                <span class="eur">€</span>
            </div>
            <div class="t3 with-unit-price">
                <span class="value">4</span>
                <span class="cents">79</span>
                <span class="eur">€</span>
                <span class="unit-price">31.93 €/l</span>            </div>
            
    <span class="vline"></span>
</div>                    		
        
        
        <div class="tags tags_primary bottom_icons">
                                                            
                                <div data-alt="Atlaide ar PALDIES karti" class="tag tag-soap-2 " style="background-image: url('/uploads/sale/atlaide-ar-paldies-karti-7358.png');                     ">
                </div>
                                                                            
                                <div data-alt="CENU LĪDERI" class="tag tag-soap-29 " style="background-image: url('/uploads/sale/cenu-lideri-6010.png');                     ">
                </div>
                            
                    </div>
        <div class="tags tags_primary info_icon">
            
    <div data-alt="Preču piedāvājums atšķirīgs Maxima veikalos, ar aktuālo akcijas preču piedāvājumu aicinām iepazīties uz vietas veikalā!" class="tag i"></div>

        </div>

        <div class="info-notice">
            


                                                                            </div>

        <div class="img">
          <img alt="Dezod. REXONA INVISIBLE B&amp;W vīr. 150ml" src="/uploads/sale/2025/sales_page/10/29//dezod-rexona-invisible-b-w-vir-150ml-00978-0210093018.png?1770708618">
        </div>
        <div class="text paldies-card      ">
            <div class="title">Dezod. REXONA INVISIBLE B&amp;W vīr. 150ml</div>
            <div class="pack">
                <span class="ptitle"></span>
                <span class="price"> 31.93 €/l</span>
            </div>
                    </div>
        <div class="infopop">
            <div class="in"><span></span>
                <div class="arrow_top"></div>
                <div class="arrow_bottom"></div>
            </div>
        </div>
    </div>
</div><div class="col-third offer-item">
    <div class="item bl_shadow product-237458 paldies-card  offer-2-l-sp-sku units-price        " data-product-id="237458" data-timeout="77" data-dates-interval="30.07.2024. - 29.04.2026." tabindex="0" role="button">
                                                    <div class="discount price with-unit-price ">
                                                                            <div class="paldies-card-icon with-unit-price">
                        <img src="/images/front/icons/paldies2-icon.png" alt="Paldies">
                    </div>
                                                                
                    <div class="t1 with-unit-price paldies-card">
            <span class="value">1</span>
            <span class="cents">99</span>
            <span class="eur">€</span>
            <span class="unit-price">2.84 €/l</span>
        </div>
                    <div class="t2">
                <span class="value">4,35</span>
                <span class="eur">€</span>
            </div>
            <div class="t3 with-unit-price">
                <span class="value">4</span>
                <span class="cents">35</span>
                <span class="eur">€</span>
                <span class="unit-price">6.21 €/l</span>            </div>
            
    <span class="vline"></span>
</div>                    		
        
        
        <div class="tags tags_primary bottom_icons">
                                                            
                                <div data-alt="Atlaide ar PALDIES karti" class="tag tag-soap-2 " style="background-image: url('/uploads/sale/atlaide-ar-paldies-karti-7358.png');                     ">
                </div>
                                                                            
                                <div data-alt="CENU LĪDERI" class="tag tag-soap-29 " style="background-image: url('/uploads/sale/cenu-lideri-6010.png');                     ">
                </div>
                            
                    </div>
        <div class="tags tags_primary info_icon">
            
    <div data-alt="Preču piedāvājums atšķirīgs Maxima veikalos, ar aktuālo akcijas preču piedāvājumu aicinām iepazīties uz vietas veikalā!" class="tag i"></div>

        </div>

        <div class="info-notice">
            


                                                                            </div>

        <div class="img">
          <img alt="Tual.tīr.līdz. DOMESTOS Lime 700ml" src="/uploads/sale/2025/sales_page/10/29//tual-tir-lidz-domestos-lime-700ml-00979-1029180137.png?1761753697">
        </div>
        <div class="text paldies-card      ">
            <div class="title">Tual.tīr.līdz. DOMESTOS Lime 700ml</div>
            <div class="pack">
                <span class="ptitle"></span>
                <span class="price"> 6.21 €/l</span>
            </div>
                    </div>
        <div class="infopop">
            <div class="in"><span></span>
                <div class="arrow_top"></div>
                <div class="arrow_bottom"></div>
            </div>
        </div>
    </div>
</div><div class="col-third offer-item">
    <div class="item bl_shadow product-237565 paldies-card  offer-2-l-sp-sku units-price        " data-product-id="237565" data-timeout="77" data-dates-interval="30.10.2025. - 29.04.2026." tabindex="0" role="button">
                                                    <div class="discount price with-unit-price ">
                                                                            <div class="paldies-card-icon with-unit-price">
                        <img src="/images/front/icons/paldies2-icon.png" alt="Paldies">
                    </div>
                                                                
                    <div class="t1 with-unit-price paldies-card">
            <span class="value">3</span>
            <span class="cents">99</span>
            <span class="eur">€</span>
            <span class="unit-price">53.20 €/l</span>
        </div>
                    <div class="t2">
                <span class="value">5,69</span>
                <span class="eur">€</span>
            </div>
            <div class="t3 with-unit-price">
                <span class="value">5</span>
                <span class="cents">69</span>
                <span class="eur">€</span>
                <span class="unit-price">75.87 €/l</span>            </div>
            
    <span class="vline"></span>
</div>                    		
        
        
        <div class="tags tags_primary bottom_icons">
                                                            
                                <div data-alt="Atlaide ar PALDIES karti" class="tag tag-soap-2 " style="background-image: url('/uploads/sale/atlaide-ar-paldies-karti-7358.png');                     ">
                </div>
                                                                            
                                <div data-alt="CENU LĪDERI" class="tag tag-soap-29 " style="background-image: url('/uploads/sale/cenu-lideri-6010.png');                     ">
                </div>
                            
                    </div>
        <div class="tags tags_primary info_icon">
            
    <div data-alt="Preču piedāvājums atšķirīgs Maxima veikalos, ar aktuālo akcijas preču piedāvājumu aicinām iepazīties uz vietas veikalā!" class="tag i"></div>

        </div>

        <div class="info-notice">
            


                                                                            </div>

        <div class="img">
          <img alt="Zobu pasta ELMEX JUNIOR 6-12 gadi 75ml" src="/uploads/sale/2025/sales_page/10/31//zobu-pasta-elmex-junior-6-12-gadi-75ml-00983-0210085518.png?1770706518">
        </div>
        <div class="text paldies-card      ">
            <div class="title">Zobu pasta ELMEX JUNIOR 6-12 gadi 75ml</div>
            <div class="pack">
                <span class="ptitle"></span>
                <span class="price"> 75.87 €/l</span>
            </div>
                    </div>
        <div class="infopop">
            <div class="in"><span></span>
                <div class="arrow_top"></div>
                <div class="arrow_bottom"></div>
            </div>
        </div>
    </div>
</div><div class="col-third offer-item">
    <div class="item bl_shadow product-237461 paldies-card  offer-2-l-sp-sku units-price        " data-product-id="237461" data-timeout="77" data-dates-interval="29.07.2024. - 29.04.2026." tabindex="0" role="button">
                                                    <div class="discount price with-unit-price ">
                                                                            <div class="paldies-card-icon with-unit-price">
                        <img src="/images/front/icons/paldies2-icon.png" alt="Paldies">
                    </div>
                                                                
                    <div class="t1 with-unit-price paldies-card">
            <span class="value">3</span>
            <span class="cents">99</span>
            <span class="eur">€</span>
            <span class="unit-price">5.32 €/l</span>
        </div>
                    <div class="t2">
                <span class="value">8,19</span>
                <span class="eur">€</span>
            </div>
            <div class="t3 with-unit-price">
                <span class="value">8</span>
                <span class="cents">19</span>
                <span class="eur">€</span>
                <span class="unit-price">10.92 €/l</span>            </div>
            
    <span class="vline"></span>
</div>                    		
        
        
        <div class="tags tags_primary bottom_icons">
                                                            
                                <div data-alt="Atlaide ar PALDIES karti" class="tag tag-soap-2 " style="background-image: url('/uploads/sale/atlaide-ar-paldies-karti-7358.png');                     ">
                </div>
                                                                            
                                <div data-alt="CENU LĪDERI" class="tag tag-soap-29 " style="background-image: url('/uploads/sale/cenu-lideri-6010.png');                     ">
                </div>
                            
                    </div>
        <div class="tags tags_primary info_icon">
            
    <div data-alt="Preču piedāvājums atšķirīgs Maxima veikalos, ar aktuālo akcijas preču piedāvājumu aicinām iepazīties uz vietas veikalā!" class="tag i"></div>

        </div>

        <div class="info-notice">
            


                                                                            </div>

        <div class="img">
          <img alt="Tīrīšanas līdz.CILLIT BANG Limesc. 750ml" src="/uploads/sale/2025/sales_page/10/29//tirisanas-lidz-cillit-bang-limesc-750ml-00984-1029180520.png?1761753920">
        </div>
        <div class="text paldies-card      ">
            <div class="title">Tīrīšanas līdz.CILLIT BANG Limesc. 750ml</div>
            <div class="pack">
                <span class="ptitle"></span>
                <span class="price"> 10.92 €/l</span>
            </div>
                    </div>
        <div class="infopop">
            <div class="in"><span></span>
                <div class="arrow_top"></div>
                <div class="arrow_bottom"></div>
            </div>
        </div>
    </div>
</div><div class="col-third offer-item">
    <div class="item bl_shadow product-237656 paldies-card  offer-2-l-sp-sku units-price        " data-product-id="237656" data-timeout="77" data-dates-interval="30.10.2025. - 29.04.2026." tabindex="0" role="button">
                                                    <div class="discount price with-unit-price ">
                                                                            <div class="paldies-card-icon with-unit-price">
                        <img src="/images/front/icons/paldies2-icon.png" alt="Paldies">
                    </div>
                                                                                                
                    <div class="t1 with-unit-price paldies-card">
            <span class="value">2</span>
            <span class="cents">29</span>
            <span class="eur">€</span>
            <span class="unit-price">0.14 €/gab</span>
        </div>
                    <div class="t2">
                <span class="value">3,39</span>
                <span class="eur">€</span>
            </div>
            <div class="t3 with-unit-price">
                <span class="value">3</span>
                <span class="cents">39</span>
                <span class="eur">€</span>
                <span class="unit-price">0.21 €/gab</span>            </div>
            
    <span class="vline"></span>
</div>                    		
        
        
        <div class="tags tags_primary bottom_icons">
                                                            
                                <div data-alt="Atlaide ar PALDIES karti" class="tag tag-soap-2 " style="background-image: url('/uploads/sale/atlaide-ar-paldies-karti-7358.png');                     ">
                </div>
                                                                            
                                <div data-alt="Prece pieejama MAXIMA XXX veikalos" class="tag tag-soap-4 tag-shops" style="background-image: url('/uploads/sale/piedavajums-speka-maxima-xxx-veikalos-3117.png');                     ">
                </div>
                                                                            
                                <div data-alt="CENU LĪDERI" class="tag tag-soap-29 " style="background-image: url('/uploads/sale/cenu-lideri-6010.png');                     ">
                </div>
                            
                    </div>
        <div class="tags tags_primary info_icon">
            
    <div data-alt="Preču piedāvājums atšķirīgs Maxima veikalos, ar aktuālo akcijas preču piedāvājumu aicinām iepazīties uz vietas veikalā!" class="tag i"></div>

        </div>

        <div class="info-notice">
            


                                                                                                        </div>

        <div class="img">
          <img alt="Ikd.ieliktn.LADY ANION Dayliner 16gab." src="/uploads/sale/2025/sales_page/10/31//ikd-ieliktn-lady-anion-dayliner-16gab-00987-1031101519.png?1761898519">
        </div>
        <div class="text paldies-card      ">
            <div class="title">Ikd.ieliktn.LADY ANION Dayliner 16gab.</div>
            <div class="pack">
                <span class="ptitle"></span>
                <span class="price"> 0.21 €/gab</span>
            </div>
                    </div>
        <div class="infopop">
            <div class="in"><span></span>
                <div class="arrow_top"></div>
                <div class="arrow_bottom"></div>
            </div>
        </div>
    </div>
</div><div class="col-third offer-item">
    <div class="item bl_shadow product-237566 paldies-card  offer-2-l-sp-sku units-price        " data-product-id="237566" data-timeout="77" data-dates-interval="29.07.2024. - 29.04.2026." tabindex="0" role="button">
                                                    <div class="discount price with-unit-price ">
                                                                            <div class="paldies-card-icon with-unit-price">
                        <img src="/images/front/icons/paldies2-icon.png" alt="Paldies">
                    </div>
                                                                
                    <div class="t1 with-unit-price paldies-card">
            <span class="value">3</span>
            <span class="cents">99</span>
            <span class="eur">€</span>
            <span class="unit-price">5.32 €/l</span>
        </div>
                    <div class="t2">
                <span class="value">8,19</span>
                <span class="eur">€</span>
            </div>
            <div class="t3 with-unit-price">
                <span class="value">8</span>
                <span class="cents">19</span>
                <span class="eur">€</span>
                <span class="unit-price">10.92 €/l</span>            </div>
            
    <span class="vline"></span>
</div>                    		
        
        
        <div class="tags tags_primary bottom_icons">
                                                            
                                <div data-alt="Atlaide ar PALDIES karti" class="tag tag-soap-2 " style="background-image: url('/uploads/sale/atlaide-ar-paldies-karti-7358.png');                     ">
                </div>
                                                                            
                                <div data-alt="CENU LĪDERI" class="tag tag-soap-29 " style="background-image: url('/uploads/sale/cenu-lideri-6010.png');                     ">
                </div>
                            
                    </div>
        <div class="tags tags_primary info_icon">
            
    <div data-alt="Preču piedāvājums atšķirīgs Maxima veikalos, ar aktuālo akcijas preču piedāvājumu aicinām iepazīties uz vietas veikalā!" class="tag i"></div>

        </div>

        <div class="info-notice">
            


                                                                            </div>

        <div class="img">
          <img alt="Tīrīšanas līdz.CILLIT BANG Grease..750ML" src="/uploads/sale/2025/sales_page/10/31//tirisanas-lidz-cillit-bang-grease-750ml-00988-1031094019.png?1761896419">
        </div>
        <div class="text paldies-card      ">
            <div class="title">Tīrīšanas līdz.CILLIT BANG Grease..750ML</div>
            <div class="pack">
                <span class="ptitle"></span>
                <span class="price"> 10.92 €/l</span>
            </div>
                    </div>
        <div class="infopop">
            <div class="in"><span></span>
                <div class="arrow_top"></div>
                <div class="arrow_bottom"></div>
            </div>
        </div>
    </div>
</div><div class="col-third offer-item">
    <div class="item bl_shadow product-237424 paldies-card  offer-2-l-sp-sku units-price        " data-product-id="237424" data-timeout="77" data-dates-interval="30.07.2024. - 29.04.2026." tabindex="0" role="button">
                                                    <div class="discount price with-unit-price ">
                                                                            <div class="paldies-card-icon with-unit-price">
                        <img src="/images/front/icons/paldies2-icon.png" alt="Paldies">
                    </div>
                                                                
                    <div class="t1 with-unit-price paldies-card">
            <span class="value">3</span>
            <span class="cents">99</span>
            <span class="eur">€</span>
            <span class="unit-price">5.32 €/l</span>
        </div>
                    <div class="t2">
                <span class="value">8,19</span>
                <span class="eur">€</span>
            </div>
            <div class="t3 with-unit-price">
                <span class="value">8</span>
                <span class="cents">19</span>
                <span class="eur">€</span>
                <span class="unit-price">10.92 €/l</span>            </div>
            
    <span class="vline"></span>
</div>                    		
        
        
        <div class="tags tags_primary bottom_icons">
                                                            
                                <div data-alt="Atlaide ar PALDIES karti" class="tag tag-soap-2 " style="background-image: url('/uploads/sale/atlaide-ar-paldies-karti-7358.png');                     ">
                </div>
                                                                            
                                <div data-alt="CENU LĪDERI" class="tag tag-soap-29 " style="background-image: url('/uploads/sale/cenu-lideri-6010.png');                     ">
                </div>
                            
                    </div>
        <div class="tags tags_primary info_icon">
            
    <div data-alt="Preču piedāvājums atšķirīgs Maxima veikalos, ar aktuālo akcijas preču piedāvājumu aicinām iepazīties uz vietas veikalā!" class="tag i"></div>

        </div>

        <div class="info-notice">
            


                                                                            </div>

        <div class="img">
          <img alt="Tīr.līdz.CILLIT BANG BLEACH&amp;HYG. 750ML" src="/uploads/sale/2025/sales_page/10/29//tir-lidz-cillit-bang-bleach-hyg-750ml-00989-1029180520.png?1761753920">
        </div>
        <div class="text paldies-card      ">
            <div class="title">Tīr.līdz.CILLIT BANG BLEACH&amp;HYG. 750ML</div>
            <div class="pack">
                <span class="ptitle"></span>
                <span class="price"> 10.92 €/l</span>
            </div>
                    </div>
        <div class="infopop">
            <div class="in"><span></span>
                <div class="arrow_top"></div>
                <div class="arrow_bottom"></div>
            </div>
        </div>
    </div>
</div><div class="col-third offer-item">
    <div class="item bl_shadow product-237646 paldies-card  offer-2-l-sp-sku units-price        " data-product-id="237646" data-timeout="77" data-dates-interval="30.10.2025. - 29.04.2026." tabindex="0" role="button">
                                                    <div class="discount price with-unit-price ">
                                                                            <div class="paldies-card-icon with-unit-price">
                        <img src="/images/front/icons/paldies2-icon.png" alt="Paldies">
                    </div>
                                                                                                                                
                    <div class="t1 with-unit-price paldies-card">
            <span class="value">5</span>
            <span class="cents">49</span>
            <span class="eur">€</span>
            <span class="unit-price">73.20 €/l</span>
        </div>
                    <div class="t2">
                <span class="value">9,29</span>
                <span class="eur">€</span>
            </div>
            <div class="t3 with-unit-price">
                <span class="value">9</span>
                <span class="cents">29</span>
                <span class="eur">€</span>
                <span class="unit-price">123.87 €/l</span>            </div>
            
    <span class="vline"></span>
</div>                    		
        
        
        <div class="tags tags_primary bottom_icons">
                                                            
                                <div data-alt="Atlaide ar PALDIES karti" class="tag tag-soap-2 " style="background-image: url('/uploads/sale/atlaide-ar-paldies-karti-7358.png');                     ">
                </div>
                                                                            
                                <div data-alt="Prece pieejama MAXIMA XX veikalos" class="tag tag-soap-3 tag-shops" style="background-image: url('/uploads/sale/piedavajums-speka-maxima-xx-veikalos-6057.png');                     ">
                </div>
                                                                            
                                <div data-alt="Prece pieejama MAXIMA XXX veikalos" class="tag tag-soap-4 tag-shops" style="background-image: url('/uploads/sale/piedavajums-speka-maxima-xxx-veikalos-3117.png');                     ">
                </div>
                                                                            
                                <div data-alt="CENU LĪDERI" class="tag tag-soap-29 " style="background-image: url('/uploads/sale/cenu-lideri-6010.png');                     ">
                </div>
                            
                    </div>
        <div class="tags tags_primary info_icon">
            
    <div data-alt="Preču piedāvājums atšķirīgs Maxima veikalos, ar aktuālo akcijas preču piedāvājumu aicinām iepazīties uz vietas veikalā!" class="tag i"></div>

        </div>

        <div class="info-notice">
            


                                                                                                                                    </div>

        <div class="img">
          <img alt="Zobu pasta BLANX WHITE SHOCK 75ml" src="/uploads/sale/2025/sales_page/10/31//zobu-pasta-blanx-white-shock-75ml-00968-0210085017.png?1770706217">
        </div>
        <div class="text paldies-card      ">
            <div class="title">Zobu pasta BLANX WHITE SHOCK 75ml</div>
            <div class="pack">
                <span class="ptitle"></span>
                <span class="price"> 123.87 €/l</span>
            </div>
                    </div>
        <div class="infopop">
            <div class="in"><span></span>
                <div class="arrow_top"></div>
                <div class="arrow_bottom"></div>
            </div>
        </div>
    </div>
</div><div class="col-third offer-item">
    <div class="item bl_shadow product-237585 paldies-card  offer-2-l-sp-sku units-price        " data-product-id="237585" data-timeout="77" data-dates-interval="30.10.2025. - 29.04.2026." tabindex="0" role="button">
                                                    <div class="discount price with-unit-price ">
                                                                            <div class="paldies-card-icon with-unit-price">
                        <img src="/images/front/icons/paldies2-icon.png" alt="Paldies">
                    </div>
                                                                                                                                
                    <div class="t1 with-unit-price paldies-card">
            <span class="value">1</span>
            <span class="cents">19</span>
            <span class="eur">€</span>
            <span class="unit-price">0.10 €/gab</span>
        </div>
                    <div class="t2">
                <span class="value">1,69</span>
                <span class="eur">€</span>
            </div>
            <div class="t3 with-unit-price">
                <span class="value">1</span>
                <span class="cents">69</span>
                <span class="eur">€</span>
                <span class="unit-price">0.14 €/gab</span>            </div>
            
    <span class="vline"></span>
</div>                    		
        
        
        <div class="tags tags_primary bottom_icons">
                                                            
                                <div data-alt="Atlaide ar PALDIES karti" class="tag tag-soap-2 " style="background-image: url('/uploads/sale/atlaide-ar-paldies-karti-7358.png');                     ">
                </div>
                                                                            
                                <div data-alt="Prece pieejama MAXIMA XX veikalos" class="tag tag-soap-3 tag-shops" style="background-image: url('/uploads/sale/piedavajums-speka-maxima-xx-veikalos-6057.png');                     ">
                </div>
                                                                            
                                <div data-alt="Prece pieejama MAXIMA XXX veikalos" class="tag tag-soap-4 tag-shops" style="background-image: url('/uploads/sale/piedavajums-speka-maxima-xxx-veikalos-3117.png');                     ">
                </div>
                                                                            
                                <div data-alt="CENU LĪDERI" class="tag tag-soap-29 " style="background-image: url('/uploads/sale/cenu-lideri-6010.png');                     ">
                </div>
                            
                    </div>
        <div class="tags tags_primary info_icon">
            
    <div data-alt="Preču piedāvājums atšķirīgs Maxima veikalos, ar aktuālo akcijas preču piedāvājumu aicinām iepazīties uz vietas veikalā!" class="tag i"></div>

        </div>

        <div class="info-notice">
            


                                                                                                                                    </div>

        <div class="img">
          <img alt="Hig.paketes BELLA HERBS VERBENA 12gab." src="/uploads/sale/2025/sales_page/10/31//hig-paketes-bella-herbs-verbena-12gab-00971-1031094023.png?1761896423">
        </div>
        <div class="text paldies-card      ">
            <div class="title">Hig.paketes BELLA HERBS VERBENA 12gab.</div>
            <div class="pack">
                <span class="ptitle"></span>
                <span class="price"> 0.14 €/gab</span>
            </div>
                    </div>
        <div class="infopop">
            <div class="in"><span></span>
                <div class="arrow_top"></div>
                <div class="arrow_bottom"></div>
            </div>
        </div>
    </div>
</div><div class="col-third offer-item">
    <div class="item bl_shadow product-237586 paldies-card  offer-2-l-sp-sku units-price        " data-product-id="237586" data-timeout="77" data-dates-interval="30.10.2025. - 29.04.2026." tabindex="0" role="button">
                                                    <div class="discount price with-unit-price ">
                                                                            <div class="paldies-card-icon with-unit-price">
                        <img src="/images/front/icons/paldies2-icon.png" alt="Paldies">
                    </div>
                                                                                                                                
                    <div class="t1 with-unit-price paldies-card">
            <span class="value">2</span>
            <span class="cents">29</span>
            <span class="eur">€</span>
            <span class="unit-price">0.23 €/gab</span>
        </div>
                    <div class="t2">
                <span class="value">3,39</span>
                <span class="eur">€</span>
            </div>
            <div class="t3 with-unit-price">
                <span class="value">3</span>
                <span class="cents">39</span>
                <span class="eur">€</span>
                <span class="unit-price">0.34 €/gab</span>            </div>
            
    <span class="vline"></span>
</div>                    		
        
        
        <div class="tags tags_primary bottom_icons">
                                                            
                                <div data-alt="Atlaide ar PALDIES karti" class="tag tag-soap-2 " style="background-image: url('/uploads/sale/atlaide-ar-paldies-karti-7358.png');                     ">
                </div>
                                                                            
                                <div data-alt="Prece pieejama MAXIMA XX veikalos" class="tag tag-soap-3 tag-shops" style="background-image: url('/uploads/sale/piedavajums-speka-maxima-xx-veikalos-6057.png');                     ">
                </div>
                                                                            
                                <div data-alt="Prece pieejama MAXIMA XXX veikalos" class="tag tag-soap-4 tag-shops" style="background-image: url('/uploads/sale/piedavajums-speka-maxima-xxx-veikalos-3117.png');                     ">
                </div>
                                                                            
                                <div data-alt="CENU LĪDERI" class="tag tag-soap-29 " style="background-image: url('/uploads/sale/cenu-lideri-6010.png');                     ">
                </div>
                            
                    </div>
        <div class="tags tags_primary info_icon">
            
    <div data-alt="Preču piedāvājums atšķirīgs Maxima veikalos, ar aktuālo akcijas preču piedāvājumu aicinām iepazīties uz vietas veikalā!" class="tag i"></div>

        </div>

        <div class="info-notice">
            


                                                                                                                                    </div>

        <div class="img">
          <img alt="Higiēn.paketes LADY ANION Day Use 10gab." src="/uploads/sale/2025/sales_page/10/31//higien-paketes-lady-anion-day-use-10gab-00972-1031094023.png?1761896423">
        </div>
        <div class="text paldies-card      ">
            <div class="title">Higiēn.paketes LADY ANION Day Use 10gab.</div>
            <div class="pack">
                <span class="ptitle"></span>
                <span class="price"> 0.34 €/gab</span>
            </div>
                    </div>
        <div class="infopop">
            <div class="in"><span></span>
                <div class="arrow_top"></div>
                <div class="arrow_bottom"></div>
            </div>
        </div>
    </div>
</div><div class="col-third offer-item">
    <div class="item bl_shadow product-237563 paldies-card  offer-2-l-sp-sku units-price        " data-product-id="237563" data-timeout="77" data-dates-interval="30.10.2025. - 29.04.2026." tabindex="0" role="button">
                                                    <div class="discount price with-unit-price ">
                                                                            <div class="paldies-card-icon with-unit-price">
                        <img src="/images/front/icons/paldies2-icon.png" alt="Paldies">
                    </div>
                                                                                                                                
                    <div class="t1 with-unit-price paldies-card">
            <span class="value">2</span>
            <span class="cents">29</span>
            <span class="eur">€</span>
            <span class="unit-price">0.29 €/gab</span>
        </div>
                    <div class="t2">
                <span class="value">3,39</span>
                <span class="eur">€</span>
            </div>
            <div class="t3 with-unit-price">
                <span class="value">3</span>
                <span class="cents">39</span>
                <span class="eur">€</span>
                <span class="unit-price">0.42 €/gab</span>            </div>
            
    <span class="vline"></span>
</div>                    		
        
        
        <div class="tags tags_primary bottom_icons">
                                                            
                                <div data-alt="Atlaide ar PALDIES karti" class="tag tag-soap-2 " style="background-image: url('/uploads/sale/atlaide-ar-paldies-karti-7358.png');                     ">
                </div>
                                                                            
                                <div data-alt="Prece pieejama MAXIMA XX veikalos" class="tag tag-soap-3 tag-shops" style="background-image: url('/uploads/sale/piedavajums-speka-maxima-xx-veikalos-6057.png');                     ">
                </div>
                                                                            
                                <div data-alt="Prece pieejama MAXIMA XXX veikalos" class="tag tag-soap-4 tag-shops" style="background-image: url('/uploads/sale/piedavajums-speka-maxima-xxx-veikalos-3117.png');                     ">
                </div>
                                                                            
                                <div data-alt="CENU LĪDERI" class="tag tag-soap-29 " style="background-image: url('/uploads/sale/cenu-lideri-6010.png');                     ">
                </div>
                            
                    </div>
        <div class="tags tags_primary info_icon">
            
    <div data-alt="Preču piedāvājums atšķirīgs Maxima veikalos, ar aktuālo akcijas preču piedāvājumu aicinām iepazīties uz vietas veikalā!" class="tag i"></div>

        </div>

        <div class="info-notice">
            


                                                                                                                                    </div>

        <div class="img">
          <img alt="Hig.paketes LADY ANION Night Use 8gab." src="/uploads/sale/2025/sales_page/10/31//hig-paketes-lady-anion-night-use-8gab-00973-1031094019.png?1761896419">
        </div>
        <div class="text paldies-card      ">
            <div class="title">Hig.paketes LADY ANION Night Use 8gab.</div>
            <div class="pack">
                <span class="ptitle"></span>
                <span class="price"> 0.42 €/gab</span>
            </div>
                    </div>
        <div class="infopop">
            <div class="in"><span></span>
                <div class="arrow_top"></div>
                <div class="arrow_bottom"></div>
            </div>
        </div>
    </div>
</div><div class="col-third offer-item">
    <div class="item bl_shadow product-237455 paldies-card  offer-2-l-sp-sku units-price        " data-product-id="237455" data-timeout="77" data-dates-interval="15.04.2025. - 29.04.2026." tabindex="0" role="button">
                                                    <div class="discount price with-unit-price ">
                                                                            <div class="paldies-card-icon with-unit-price">
                        <img src="/images/front/icons/paldies2-icon.png" alt="Paldies">
                    </div>
                                                                
                    <div class="t1 with-unit-price paldies-card">
            <span class="value">1</span>
            <span class="cents">99</span>
            <span class="eur">€</span>
            <span class="unit-price">3.98 €/l</span>
        </div>
                    <div class="t2">
                <span class="value">2,29</span>
                <span class="eur">€</span>
            </div>
            <div class="t3 with-unit-price">
                <span class="value">2</span>
                <span class="cents">29</span>
                <span class="eur">€</span>
                <span class="unit-price">4.58 €/l</span>            </div>
            
    <span class="vline"></span>
</div>                    		
        
        
        <div class="tags tags_primary bottom_icons">
                                                            
                                <div data-alt="Atlaide ar PALDIES karti" class="tag tag-soap-2 " style="background-image: url('/uploads/sale/atlaide-ar-paldies-karti-7358.png');                     ">
                </div>
                                                                            
                                <div data-alt="CENU LĪDERI" class="tag tag-soap-29 " style="background-image: url('/uploads/sale/cenu-lideri-6010.png');                     ">
                </div>
                            
                    </div>
        <div class="tags tags_primary info_icon">
            
    <div data-alt="Preču piedāvājums atšķirīgs Maxima veikalos, ar aktuālo akcijas preču piedāvājumu aicinām iepazīties uz vietas veikalā!" class="tag i"></div>

        </div>

        <div class="info-notice">
            


                                                                            </div>

        <div class="img">
          <img alt="Stiklu tīrīšanas līdz. CLIN Lemon 500ml" src="/uploads/sale/2025/sales_page/10/29//stiklu-tirisanas-lidz-clin-lemon-500ml-00974-1029180137.png?1761753697">
        </div>
        <div class="text paldies-card      ">
            <div class="title">Stiklu tīrīšanas līdz. CLIN Lemon 500ml</div>
            <div class="pack">
                <span class="ptitle"></span>
                <span class="price"> 4.58 €/l</span>
            </div>
                    </div>
        <div class="infopop">
            <div class="in"><span></span>
                <div class="arrow_top"></div>
                <div class="arrow_bottom"></div>
            </div>
        </div>
    </div>
</div><div class="col-third offer-item">
    <div class="item bl_shadow product-237456 paldies-card  offer-2-l-sp-sku units-price        " data-product-id="237456" data-timeout="77" data-dates-interval="30.01.2025. - 29.04.2026." tabindex="0" role="button">
                                                    <div class="discount price with-unit-price ">
                                                                            <div class="paldies-card-icon with-unit-price">
                        <img src="/images/front/icons/paldies2-icon.png" alt="Paldies">
                    </div>
                                                                                                                                
                    <div class="t1 with-unit-price paldies-card">
            <span class="value">1</span>
            <span class="cents">99</span>
            <span class="eur">€</span>
            <span class="unit-price">3.98 €/l</span>
        </div>
                    <div class="t2">
                <span class="value">2,29</span>
                <span class="eur">€</span>
            </div>
            <div class="t3 with-unit-price">
                <span class="value">2</span>
                <span class="cents">29</span>
                <span class="eur">€</span>
                <span class="unit-price">4.58 €/l</span>            </div>
            
    <span class="vline"></span>
</div>                    		
        
        
        <div class="tags tags_primary bottom_icons">
                                                            
                                <div data-alt="Atlaide ar PALDIES karti" class="tag tag-soap-2 " style="background-image: url('/uploads/sale/atlaide-ar-paldies-karti-7358.png');                     ">
                </div>
                                                                            
                                <div data-alt="Prece pieejama MAXIMA XX veikalos" class="tag tag-soap-3 tag-shops" style="background-image: url('/uploads/sale/piedavajums-speka-maxima-xx-veikalos-6057.png');                     ">
                </div>
                                                                            
                                <div data-alt="Prece pieejama MAXIMA XXX veikalos" class="tag tag-soap-4 tag-shops" style="background-image: url('/uploads/sale/piedavajums-speka-maxima-xxx-veikalos-3117.png');                     ">
                </div>
                                                                            
                                <div data-alt="CENU LĪDERI" class="tag tag-soap-29 " style="background-image: url('/uploads/sale/cenu-lideri-6010.png');                     ">
                </div>
                            
                    </div>
        <div class="tags tags_primary info_icon">
            
    <div data-alt="Preču piedāvājums atšķirīgs Maxima veikalos, ar aktuālo akcijas preču piedāvājumu aicinām iepazīties uz vietas veikalā!" class="tag i"></div>

        </div>

        <div class="info-notice">
            


                                                                                                                                    </div>

        <div class="img">
          <img alt="Logu tīr.līdz.CLIN BLUE 500ml" src="/uploads/sale/2025/sales_page/10/29//logu-tir-lidz-clin-blue-500ml-00975-1029180624.png?1761753984">
        </div>
        <div class="text paldies-card      ">
            <div class="title">Logu tīr.līdz.CLIN BLUE 500ml</div>
            <div class="pack">
                <span class="ptitle"></span>
                <span class="price"> 4.58 €/l</span>
            </div>
                    </div>
        <div class="infopop">
            <div class="in"><span></span>
                <div class="arrow_top"></div>
                <div class="arrow_bottom"></div>
            </div>
        </div>
    </div>
</div><div class="col-third offer-item">
    <div class="item bl_shadow product-237564 paldies-card  offer-2-l-sp-sku units-price        " data-product-id="237564" data-timeout="77" data-dates-interval="30.10.2025. - 29.04.2026." tabindex="0" role="button">
                                                    <div class="discount price with-unit-price ">
                                                                            <div class="paldies-card-icon with-unit-price">
                        <img src="/images/front/icons/paldies2-icon.png" alt="Paldies">
                    </div>
                                                                
                    <div class="t1 with-unit-price paldies-card">
            <span class="value">2</span>
            <span class="cents">29</span>
            <span class="eur">€</span>
            <span class="unit-price">4.58 €/l</span>
        </div>
                    <div class="t2">
                <span class="value">3,89</span>
                <span class="eur">€</span>
            </div>
            <div class="t3 with-unit-price">
                <span class="value">3</span>
                <span class="cents">89</span>
                <span class="eur">€</span>
                <span class="unit-price">7.78 €/l</span>            </div>
            
    <span class="vline"></span>
</div>                    		
        
        
        <div class="tags tags_primary bottom_icons">
                                                            
                                <div data-alt="Atlaide ar PALDIES karti" class="tag tag-soap-2 " style="background-image: url('/uploads/sale/atlaide-ar-paldies-karti-7358.png');                     ">
                </div>
                                                                            
                                <div data-alt="CENU LĪDERI" class="tag tag-soap-29 " style="background-image: url('/uploads/sale/cenu-lideri-6010.png');                     ">
                </div>
                            
                    </div>
        <div class="tags tags_primary info_icon">
            
    <div data-alt="Preču piedāvājums atšķirīgs Maxima veikalos, ar aktuālo akcijas preču piedāvājumu aicinām iepazīties uz vietas veikalā!" class="tag i"></div>

        </div>

        <div class="info-notice">
            


                                                                            </div>

        <div class="img">
          <img alt="Šķid.ziepes PALMOLIVE ALM.MILK rez.500ml" src="/uploads/sale/2025/sales_page/10/31//skid-ziepes-palmolive-alm-milk-rez-500ml-00976-0210090017.png?1770706817">
        </div>
        <div class="text paldies-card      ">
            <div class="title">Šķid.ziepes PALMOLIVE ALM.MILK rez.500ml</div>
            <div class="pack">
                <span class="ptitle"></span>
                <span class="price"> 7.78 €/l</span>
            </div>
                    </div>
        <div class="infopop">
            <div class="in"><span></span>
                <div class="arrow_top"></div>
                <div class="arrow_bottom"></div>
            </div>
        </div>
    </div>
</div><div class="col-third offer-item">
    <div class="item bl_shadow product-237549 paldies-card  offer-2-l-sp-sku units-price        " data-product-id="237549" data-timeout="77" data-dates-interval="30.10.2025. - 29.04.2026." tabindex="0" role="button">
                                                    <div class="discount price with-unit-price ">
                                                                            <div class="paldies-card-icon with-unit-price">
                        <img src="/images/front/icons/paldies2-icon.png" alt="Paldies">
                    </div>
                                                                
                    <div class="t1 with-unit-price paldies-card">
            <span class="value">2</span>
            <span class="cents">79</span>
            <span class="eur">€</span>
            <span class="unit-price">2.79 €/gab</span>
        </div>
                    <div class="t2">
                <span class="value">4,69</span>
                <span class="eur">€</span>
            </div>
            <div class="t3 with-unit-price">
                <span class="value">4</span>
                <span class="cents">69</span>
                <span class="eur">€</span>
                <span class="unit-price">4.69 €/gab</span>            </div>
            
    <span class="vline"></span>
</div>                    		
        
        
        <div class="tags tags_primary bottom_icons">
                                                            
                                <div data-alt="Atlaide ar PALDIES karti" class="tag tag-soap-2 " style="background-image: url('/uploads/sale/atlaide-ar-paldies-karti-7358.png');                     ">
                </div>
                                                                            
                                <div data-alt="CENU LĪDERI" class="tag tag-soap-29 " style="background-image: url('/uploads/sale/cenu-lideri-6010.png');                     ">
                </div>
                            
                    </div>
        <div class="tags tags_primary info_icon">
            
    <div data-alt="Preču piedāvājums atšķirīgs Maxima veikalos, ar aktuālo akcijas preču piedāvājumu aicinām iepazīties uz vietas veikalā!" class="tag i"></div>

        </div>

        <div class="info-notice">
            


                                                                            </div>

        <div class="img">
          <img alt="Zobu birste COLGATE SLIM SOFT BLACK" src="/uploads/sale/2025/sales_page/10/30//zobu-birste-colgate-slim-soft-black-00977-0210085518.png?1770706518">
        </div>
        <div class="text paldies-card      ">
            <div class="title">Zobu birste COLGATE SLIM SOFT BLACK</div>
            <div class="pack">
                <span class="ptitle"></span>
                <span class="price"> 4.69 €/gab</span>
            </div>
                    </div>
        <div class="infopop">
            <div class="in"><span></span>
                <div class="arrow_top"></div>
                <div class="arrow_bottom"></div>
            </div>
        </div>
    </div>
</div><div class="col-third offer-item">
    <div class="item bl_shadow product-237457 paldies-card  offer-2-l-sp-sku units-price        " data-product-id="237457" data-timeout="77" data-dates-interval="30.01.2025. - 29.04.2026." tabindex="0" role="button">
                                                    <div class="discount price with-unit-price ">
                                                                            <div class="paldies-card-icon with-unit-price">
                        <img src="/images/front/icons/paldies2-icon.png" alt="Paldies">
                    </div>
                                                                
                    <div class="t1 with-unit-price paldies-card">
            <span class="value">2</span>
            <span class="cents">59</span>
            <span class="eur">€</span>
            <span class="unit-price">17.27 €/l</span>
        </div>
                    <div class="t2">
                <span class="value">4,79</span>
                <span class="eur">€</span>
            </div>
            <div class="t3 with-unit-price">
                <span class="value">4</span>
                <span class="cents">79</span>
                <span class="eur">€</span>
                <span class="unit-price">31.93 €/l</span>            </div>
            
    <span class="vline"></span>
</div>                    		
        
        
        <div class="tags tags_primary bottom_icons">
                                                            
                                <div data-alt="Atlaide ar PALDIES karti" class="tag tag-soap-2 " style="background-image: url('/uploads/sale/atlaide-ar-paldies-karti-7358.png');                     ">
                </div>
                                                                            
                                <div data-alt="CENU LĪDERI" class="tag tag-soap-29 " style="background-image: url('/uploads/sale/cenu-lideri-6010.png');                     ">
                </div>
                            
                    </div>
        <div class="tags tags_primary info_icon">
            
    <div data-alt="Preču piedāvājums atšķirīgs Maxima veikalos, ar aktuālo akcijas preču piedāvājumu aicinām iepazīties uz vietas veikalā!" class="tag i"></div>

        </div>

        <div class="info-notice">
            


                                                                            </div>

        <div class="img">
          <img alt="Dezod. REXONA INVISIBLE B&amp;W vīr. 150ml" src="/uploads/sale/2025/sales_page/10/29//dezod-rexona-invisible-b-w-vir-150ml-00978-0210093018.png?1770708618">
        </div>
        <div class="text paldies-card      ">
            <div class="title">Dezod. REXONA INVISIBLE B&amp;W vīr. 150ml</div>
            <div class="pack">
                <span class="ptitle"></span>
                <span class="price"> 31.93 €/l</span>
            </div>
                    </div>
        <div class="infopop">
            <div class="in"><span></span>
                <div class="arrow_top"></div>
                <div class="arrow_bottom"></div>
            </div>
        </div>
    </div>
</div><div class="col-third offer-item">
    <div class="item bl_shadow product-237458 paldies-card  offer-2-l-sp-sku units-price        " data-product-id="237458" data-timeout="77" data-dates-interval="30.07.2024. - 29.04.2026." tabindex="0" role="button">
                                                    <div class="discount price with-unit-price ">
                                                                            <div class="paldies-card-icon with-unit-price">
                        <img src="/images/front/icons/paldies2-icon.png" alt="Paldies">
                    </div>
                                                                
                    <div class="t1 with-unit-price paldies-card">
            <span class="value">1</span>
            <span class="cents">99</span>
            <span class="eur">€</span>
            <span class="unit-price">2.84 €/l</span>
        </div>
                    <div class="t2">
                <span class="value">4,35</span>
                <span class="eur">€</span>
            </div>
            <div class="t3 with-unit-price">
                <span class="value">4</span>
                <span class="cents">35</span>
                <span class="eur">€</span>
                <span class="unit-price">6.21 €/l</span>            </div>
            
    <span class="vline"></span>
</div>                    		
        
        
        <div class="tags tags_primary bottom_icons">
                                                            
                                <div data-alt="Atlaide ar PALDIES karti" class="tag tag-soap-2 " style="background-image: url('/uploads/sale/atlaide-ar-paldies-karti-7358.png');                     ">
                </div>
                                                                            
                                <div data-alt="CENU LĪDERI" class="tag tag-soap-29 " style="background-image: url('/uploads/sale/cenu-lideri-6010.png');                     ">
                </div>
                            
                    </div>
        <div class="tags tags_primary info_icon">
            
    <div data-alt="Preču piedāvājums atšķirīgs Maxima veikalos, ar aktuālo akcijas preču piedāvājumu aicinām iepazīties uz vietas veikalā!" class="tag i"></div>

        </div>

        <div class="info-notice">
            


                                                                            </div>

        <div class="img">
          <img alt="Tual.tīr.līdz. DOMESTOS Lime 700ml" src="/uploads/sale/2025/sales_page/10/29//tual-tir-lidz-domestos-lime-700ml-00979-1029180137.png?1761753697">
        </div>
        <div class="text paldies-card      ">
            <div class="title">Tual.tīr.līdz. DOMESTOS Lime 700ml</div>
            <div class="pack">
                <span class="ptitle"></span>
                <span class="price"> 6.21 €/l</span>
            </div>
                    </div>
        <div class="infopop">
            <div class="in"><span></span>
                <div class="arrow_top"></div>
                <div class="arrow_bottom"></div>
            </div>
        </div>
    </div>
</div><div class="col-third offer-item">
    <div class="item bl_shadow product-237565 paldies-card  offer-2-l-sp-sku units-price        " data-product-id="237565" data-timeout="77" data-dates-interval="30.10.2025. - 29.04.2026." tabindex="0" role="button">
                                                    <div class="discount price with-unit-price ">
                                                                            <div class="paldies-card-icon with-unit-price">
                        <img src="/images/front/icons/paldies2-icon.png" alt="Paldies">
                    </div>
                                                                
                    <div class="t1 with-unit-price paldies-card">
            <span class="value">3</span>
            <span class="cents">99</span>
            <span class="eur">€</span>
            <span class="unit-price">53.20 €/l</span>
        </div>
                    <div class="t2">
                <span class="value">5,69</span>
                <span class="eur">€</span>
            </div>
            <div class="t3 with-unit-price">
                <span class="value">5</span>
                <span class="cents">69</span>
                <span class="eur">€</span>
                <span class="unit-price">75.87 €/l</span>            </div>
            
    <span class="vline"></span>
</div>                    		
        
        
        <div class="tags tags_primary bottom_icons">
                                                            
                                <div data-alt="Atlaide ar PALDIES karti" class="tag tag-soap-2 " style="background-image: url('/uploads/sale/atlaide-ar-paldies-karti-7358.png');                     ">
                </div>
                                                                            
                                <div data-alt="CENU LĪDERI" class="tag tag-soap-29 " style="background-image: url('/uploads/sale/cenu-lideri-6010.png');                     ">
                </div>
                            
                    </div>
        <div class="tags tags_primary info_icon">
            
    <div data-alt="Preču piedāvājums atšķirīgs Maxima veikalos, ar aktuālo akcijas preču piedāvājumu aicinām iepazīties uz vietas veikalā!" class="tag i"></div>

        </div>

        <div class="info-notice">
            


                                                                            </div>

        <div class="img">
          <img alt="Zobu pasta ELMEX JUNIOR 6-12 gadi 75ml" src="/uploads/sale/2025/sales_page/10/31//zobu-pasta-elmex-junior-6-12-gadi-75ml-00983-0210085518.png?1770706518">
        </div>
        <div class="text paldies-card      ">
            <div class="title">Zobu pasta ELMEX JUNIOR 6-12 gadi 75ml</div>
            <div class="pack">
                <span class="ptitle"></span>
                <span class="price"> 75.87 €/l</span>
            </div>
                    </div>
        <div class="infopop">
            <div class="in"><span></span>
                <div class="arrow_top"></div>
                <div class="arrow_bottom"></div>
            </div>
        </div>
    </div>
</div><div class="col-third offer-item">
    <div class="item bl_shadow product-237461 paldies-card  offer-2-l-sp-sku units-price        " data-product-id="237461" data-timeout="77" data-dates-interval="29.07.2024. - 29.04.2026." tabindex="0" role="button">
                                                    <div class="discount price with-unit-price ">
                                                                            <div class="paldies-card-icon with-unit-price">
                        <img src="/images/front/icons/paldies2-icon.png" alt="Paldies">
                    </div>
                                                                
                    <div class="t1 with-unit-price paldies-card">
            <span class="value">3</span>
            <span class="cents">99</span>
            <span class="eur">€</span>
            <span class="unit-price">5.32 €/l</span>
        </div>
                    <div class="t2">
                <span class="value">8,19</span>
                <span class="eur">€</span>
            </div>
            <div class="t3 with-unit-price">
                <span class="value">8</span>
                <span class="cents">19</span>
                <span class="eur">€</span>
                <span class="unit-price">10.92 €/l</span>            </div>
            
    <span class="vline"></span>
</div>                    		
        
        
        <div class="tags tags_primary bottom_icons">
                                                            
                                <div data-alt="Atlaide ar PALDIES karti" class="tag tag-soap-2 " style="background-image: url('/uploads/sale/atlaide-ar-paldies-karti-7358.png');                     ">
                </div>
                                                                            
                                <div data-alt="CENU LĪDERI" class="tag tag-soap-29 " style="background-image: url('/uploads/sale/cenu-lideri-6010.png');                     ">
                </div>
                            
                    </div>
        <div class="tags tags_primary info_icon">
            
    <div data-alt="Preču piedāvājums atšķirīgs Maxima veikalos, ar aktuālo akcijas preču piedāvājumu aicinām iepazīties uz vietas veikalā!" class="tag i"></div>

        </div>

        <div class="info-notice">
            


                                                                            </div>

        <div class="img">
          <img alt="Tīrīšanas līdz.CILLIT BANG Limesc. 750ml" src="/uploads/sale/2025/sales_page/10/29//tirisanas-lidz-cillit-bang-limesc-750ml-00984-1029180520.png?1761753920">
        </div>
        <div class="text paldies-card      ">
            <div class="title">Tīrīšanas līdz.CILLIT BANG Limesc. 750ml</div>
            <div class="pack">
                <span class="ptitle"></span>
                <span class="price"> 10.92 €/l</span>
            </div>
                    </div>
        <div class="infopop">
            <div class="in"><span></span>
                <div class="arrow_top"></div>
                <div class="arrow_bottom"></div>
            </div>
        </div>
    </div>
</div><div class="col-third offer-item">
    <div class="item bl_shadow product-237656 paldies-card  offer-2-l-sp-sku units-price        " data-product-id="237656" data-timeout="77" data-dates-interval="30.10.2025. - 29.04.2026." tabindex="0" role="button">
                                                    <div class="discount price with-unit-price ">
                                                                            <div class="paldies-card-icon with-unit-price">
                        <img src="/images/front/icons/paldies2-icon.png" alt="Paldies">
                    </div>
                                                                                                
                    <div class="t1 with-unit-price paldies-card">
            <span class="value">2</span>
            <span class="cents">29</span>
            <span class="eur">€</span>
            <span class="unit-price">0.14 €/gab</span>
        </div>
                    <div class="t2">
                <span class="value">3,39</span>
                <span class="eur">€</span>
            </div>
            <div class="t3 with-unit-price">
                <span class="value">3</span>
                <span class="cents">39</span>
                <span class="eur">€</span>
                <span class="unit-price">0.21 €/gab</span>            </div>
            
    <span class="vline"></span>
</div>                    		
        
        
        <div class="tags tags_primary bottom_icons">
                                                            
                                <div data-alt="Atlaide ar PALDIES karti" class="tag tag-soap-2 " style="background-image: url('/uploads/sale/atlaide-ar-paldies-karti-7358.png');                     ">
                </div>
                                                                            
                                <div data-alt="Prece pieejama MAXIMA XXX veikalos" class="tag tag-soap-4 tag-shops" style="background-image: url('/uploads/sale/piedavajums-speka-maxima-xxx-veikalos-3117.png');                     ">
                </div>
                                                                            
                                <div data-alt="CENU LĪDERI" class="tag tag-soap-29 " style="background-image: url('/uploads/sale/cenu-lideri-6010.png');                     ">
                </div>
                            
                    </div>
        <div class="tags tags_primary info_icon">
            
    <div data-alt="Preču piedāvājums atšķirīgs Maxima veikalos, ar aktuālo akcijas preču piedāvājumu aicinām iepazīties uz vietas veikalā!" class="tag i"></div>

        </div>

        <div class="info-notice">
            


                                                                                                        </div>

        <div class="img">
          <img alt="Ikd.ieliktn.LADY ANION Dayliner 16gab." src="/uploads/sale/2025/sales_page/10/31//ikd-ieliktn-lady-anion-dayliner-16gab-00987-1031101519.png?1761898519">
        </div>
        <div class="text paldies-card      ">
            <div class="title">Ikd.ieliktn.LADY ANION Dayliner 16gab.</div>
            <div class="pack">
                <span class="ptitle"></span>
                <span class="price"> 0.21 €/gab</span>
            </div>
                    </div>
        <div class="infopop">
            <div class="in"><span></span>
                <div class="arrow_top"></div>
                <div class="arrow_bottom"></div>
            </div>
        </div>
    </div>
</div><div class="col-third offer-item">
    <div class="item bl_shadow product-237566 paldies-card  offer-2-l-sp-sku units-price        " data-product-id="237566" data-timeout="77" data-dates-interval="29.07.2024. - 29.04.2026." tabindex="0" role="button">
                                                    <div class="discount price with-unit-price ">
                                                                            <div class="paldies-card-icon with-unit-price">
                        <img src="/images/front/icons/paldies2-icon.png" alt="Paldies">
                    </div>
                                                                
                    <div class="t1 with-unit-price paldies-card">
            <span class="value">3</span>
            <span class="cents">99</span>
            <span class="eur">€</span>
            <span class="unit-price">5.32 €/l</span>
        </div>
                    <div class="t2">
                <span class="value">8,19</span>
                <span class="eur">€</span>
            </div>
            <div class="t3 with-unit-price">
                <span class="value">8</span>
                <span class="cents">19</span>
                <span class="eur">€</span>
                <span class="unit-price">10.92 €/l</span>            </div>
            
    <span class="vline"></span>
</div>                    		
        
        
        <div class="tags tags_primary bottom_icons">
                                                            
                                <div data-alt="Atlaide ar PALDIES karti" class="tag tag-soap-2 " style="background-image: url('/uploads/sale/atlaide-ar-paldies-karti-7358.png');                     ">
                </div>
                                                                            
                                <div data-alt="CENU LĪDERI" class="tag tag-soap-29 " style="background-image: url('/uploads/sale/cenu-lideri-6010.png');                     ">
                </div>
                            
                    </div>
        <div class="tags tags_primary info_icon">
            
    <div data-alt="Preču piedāvājums atšķirīgs Maxima veikalos, ar aktuālo akcijas preču piedāvājumu aicinām iepazīties uz vietas veikalā!" class="tag i"></div>

        </div>

        <div class="info-notice">
            


                                                                            </div>

        <div class="img">
          <img alt="Tīrīšanas līdz.CILLIT BANG Grease..750ML" src="/uploads/sale/2025/sales_page/10/31//tirisanas-lidz-cillit-bang-grease-750ml-00988-1031094019.png?1761896419">
        </div>
        <div class="text paldies-card      ">
            <div class="title">Tīrīšanas līdz.CILLIT BANG Grease..750ML</div>
            <div class="pack">
                <span class="ptitle"></span>
                <span class="price"> 10.92 €/l</span>
            </div>
                    </div>
        <div class="infopop">
            <div class="in"><span></span>
                <div class="arrow_top"></div>
                <div class="arrow_bottom"></div>
            </div>
        </div>
    </div>
</div><div class="col-third offer-item">
    <div class="item bl_shadow product-237424 paldies-card  offer-2-l-sp-sku units-price        " data-product-id="237424" data-timeout="77" data-dates-interval="30.07.2024. - 29.04.2026." tabindex="0" role="button">
                                                    <div class="discount price with-unit-price ">
                                                                            <div class="paldies-card-icon with-unit-price">
                        <img src="/images/front/icons/paldies2-icon.png" alt="Paldies">
                    </div>
                                                                
                    <div class="t1 with-unit-price paldies-card">
            <span class="value">3</span>
            <span class="cents">99</span>
            <span class="eur">€</span>
            <span class="unit-price">5.32 €/l</span>
        </div>
                    <div class="t2">
                <span class="value">8,19</span>
                <span class="eur">€</span>
            </div>
            <div class="t3 with-unit-price">
                <span class="value">8</span>
                <span class="cents">19</span>
                <span class="eur">€</span>
                <span class="unit-price">10.92 €/l</span>            </div>
            
    <span class="vline"></span>
</div>                    		
        
        
        <div class="tags tags_primary bottom_icons">
                                                            
                                <div data-alt="Atlaide ar PALDIES karti" class="tag tag-soap-2 " style="background-image: url('/uploads/sale/atlaide-ar-paldies-karti-7358.png');                     ">
                </div>
                                                                            
                                <div data-alt="CENU LĪDERI" class="tag tag-soap-29 " style="background-image: url('/uploads/sale/cenu-lideri-6010.png');                     ">
                </div>
                            
                    </div>
        <div class="tags tags_primary info_icon">
            
    <div data-alt="Preču piedāvājums atšķirīgs Maxima veikalos, ar aktuālo akcijas preču piedāvājumu aicinām iepazīties uz vietas veikalā!" class="tag i"></div>

        </div>

        <div class="info-notice">
            


                                                                            </div>

        <div class="img">
          <img alt="Tīr.līdz.CILLIT BANG BLEACH&amp;HYG. 750ML" src="/uploads/sale/2025/sales_page/10/29//tir-lidz-cillit-bang-bleach-hyg-750ml-00989-1029180520.png?1761753920">
        </div>
        <div class="text paldies-card      ">
            <div class="title">Tīr.līdz.CILLIT BANG BLEACH&amp;HYG. 750ML</div>
            <div class="pack">
                <span class="ptitle"></span>
                <span class="price"> 10.92 €/l</span>
            </div>
                    </div>
        <div class="infopop">
            <div class="in"><span></span>
                <div class="arrow_top"></div>
                <div class="arrow_bottom"></div>
            </div>
        </div>
    </div>
</div><div class="col-third offer-item">
    <div class="item bl_shadow product-197822   offer-2-l-sp-sku units-price        " data-product-id="197822" data-timeout="323" data-dates-interval="31.05.2024. - 31.12.2026." tabindex="0" role="button">
                                                    <div class="discount price with-unit-price ">
                        <div class="bottom-icon with-unit-price">
                            </div>
            
                    <div class="t1 with-unit-price ">
            <span class="value">7</span>
            <span class="cents">99</span>
            <span class="eur">€</span>
            <span class="unit-price">7.98 €/kg</span>
        </div>
            
    <span class="vline"></span>
</div>                    		
        
        
        <div class="tags tags_primary bottom_icons">
                            
                    </div>
        <div class="tags tags_primary info_icon">
            

        </div>

        <div class="info-notice">
            


                                                </div>

        <div class="img">
          <img alt="Karsti kūpināta cūkas karbonāde PORMET, fas." src="/uploads/sale/2024/sales_page/03/29//karsti-kupinata-cukas-karbonade-pormet-00167-0121162019.png?1769005219">
        </div>
        <div class="text       ">
            <div class="title">Karsti kūpināta cūkas karbonāde PORMET, fas.</div>
            <div class="pack">
                <span class="ptitle"></span>
                <span class="price"> 7.98 €/kg</span>
            </div>
                    </div>
        <div class="infopop">
            <div class="in"><span></span>
                <div class="arrow_top"></div>
                <div class="arrow_bottom"></div>
            </div>
        </div>
    </div>
</div><div class="col-third offer-item">
    <div class="item bl_shadow product-197823   offer-2-l-sp-sku units-price        " data-product-id="197823" data-timeout="323" data-dates-interval="10.10.2023. - 31.12.2026." tabindex="0" role="button">
                                                    <div class="discount price with-unit-price ">
                        <div class="bottom-icon with-unit-price">
                            </div>
            
                    <div class="t1 with-unit-price ">
            <span class="value">7</span>
            <span class="cents">99</span>
            <span class="eur">€</span>
            <span class="unit-price">7.99 €/kg</span>
        </div>
            
    <span class="vline"></span>
</div>                    		
        
        
        <div class="tags tags_primary bottom_icons">
                            
                    </div>
        <div class="tags tags_primary info_icon">
            

        </div>

        <div class="info-notice">
            


                                                </div>

        <div class="img">
          <img alt="Karsti kūpināta cūkgaļas krūtiņa PORMET, fas." src="/uploads/sale/2024/sales_page/03/29//karsti-kupinata-cukgalas-krutina-pormet-00168-0121162019.png?1769005219">
        </div>
        <div class="text       ">
            <div class="title">Karsti kūpināta cūkgaļas krūtiņa PORMET, fas.</div>
            <div class="pack">
                <span class="ptitle"></span>
                <span class="price"> 7.99 €/kg</span>
            </div>
                    </div>
        <div class="infopop">
            <div class="in"><span></span>
                <div class="arrow_top"></div>
                <div class="arrow_bottom"></div>
            </div>
        </div>
    </div>
</div><div class="col-third offer-item">
    <div class="item bl_shadow product-197824   offer-2-l-sp-sku units-price        " data-product-id="197824" data-timeout="323" data-dates-interval="10.10.2023. - 31.12.2026." tabindex="0" role="button">
                                                    <div class="discount price with-unit-price ">
                        <div class="bottom-icon with-unit-price">
                            </div>
            
                    <div class="t1 with-unit-price ">
            <span class="value">1</span>
            <span class="cents">79</span>
            <span class="eur">€</span>
            <span class="unit-price">3.58 €/kg</span>
        </div>
            
    <span class="vline"></span>
</div>                    		
        
        
        <div class="tags tags_primary bottom_icons">
                            
                    </div>
        <div class="tags tags_primary info_icon">
            

        </div>

        <div class="info-notice">
            


                                                </div>

        <div class="img">
          <img alt="Cepts viltotais zaķis PORMET, 500 g" src="/uploads/sale/2024/sales_page/03/29//cepts-viltotais-zakis-pormet-00169-0121163020.png?1769005820">
        </div>
        <div class="text       ">
            <div class="title">Cepts viltotais zaķis PORMET, 500 g</div>
            <div class="pack">
                <span class="ptitle"></span>
                <span class="price"> 3.58 €/kg</span>
            </div>
                    </div>
        <div class="infopop">
            <div class="in"><span></span>
                <div class="arrow_top"></div>
                <div class="arrow_bottom"></div>
            </div>
        </div>
    </div>
</div><div class="col-third offer-item">
    <div class="item bl_shadow product-197826   offer-2-l-sp-sku units-price        " data-product-id="197826" data-timeout="323" data-dates-interval="06.10.2023. - 31.12.2026." tabindex="0" role="button">
                                                    <div class="discount price with-unit-price ">
                                                        <div class="bottom-icon with-unit-price">
                            </div>
            
                    <div class="t1 with-unit-price ">
            <span class="value">1</span>
            <span class="cents">99</span>
            <span class="eur">€</span>
            <span class="unit-price">14.95 €/kg</span>
        </div>
            
    <span class="vline"></span>
</div>                    		
        
        
        <div class="tags tags_primary bottom_icons">
                                                            
                                <div data-alt="Latvijas produkts" class="tag tag-soap-6 " style="background-image: url('/uploads/sale/latvijas-produkts-3559.png');                     ">
                </div>
                                            
                    </div>
        <div class="tags tags_primary info_icon">
            

        </div>

        <div class="info-notice">
            


                                                                            </div>

        <div class="img">
          <img alt="Vītināta desa PORMET, 200 g" src="/uploads/sale/2024/sales_page/03/29//vitinata-desa-pormet-00171-0121165018.png?1769007018">
        </div>
        <div class="text       ">
            <div class="title">Vītināta desa PORMET, 200 g</div>
            <div class="pack">
                <span class="ptitle"></span>
                <span class="price"> 14.95 €/kg</span>
            </div>
                    </div>
        <div class="infopop">
            <div class="in"><span></span>
                <div class="arrow_top"></div>
                <div class="arrow_bottom"></div>
            </div>
        </div>
    </div>
</div><div class="col-third offer-item">
    <div class="item bl_shadow product-197827   offer-2-l-sp-sku units-price        " data-product-id="197827" data-timeout="323" data-dates-interval="10.10.2023. - 31.12.2026." tabindex="0" role="button">
                                                    <div class="discount price with-unit-price ">
                        <div class="bottom-icon with-unit-price">
                            </div>
            
                    <div class="t1 with-unit-price ">
            <span class="value">0</span>
            <span class="cents">81</span>
            <span class="eur">€</span>
            <span class="unit-price">3.24 €/kg</span>
        </div>
            
    <span class="vline"></span>
</div>                    		
        
        
        <div class="tags tags_primary bottom_icons">
                            
                    </div>
        <div class="tags tags_primary info_icon">
            

        </div>

        <div class="info-notice">
            


                                                </div>

        <div class="img">
          <img alt="Vistas gaļas hamburgeri PORMET, 250 g" src="/uploads/sale/2024/sales_page/03/29//vistas-galas-hamburgeri-pormet-00172-0121163020.png?1769005820">
        </div>
        <div class="text       ">
            <div class="title">Vistas gaļas hamburgeri PORMET, 250 g</div>
            <div class="pack">
                <span class="ptitle"></span>
                <span class="price"> 3.24 €/kg</span>
            </div>
                    </div>
        <div class="infopop">
            <div class="in"><span></span>
                <div class="arrow_top"></div>
                <div class="arrow_bottom"></div>
            </div>
        </div>
    </div>
</div><div class="col-third offer-item">
    <div class="item bl_shadow product-197828   offer-2-l-sp-sku units-price        " data-product-id="197828" data-timeout="323" data-dates-interval="06.10.2023. - 31.12.2026." tabindex="0" role="button">
                                                    <div class="discount price with-unit-price ">
                        <div class="bottom-icon with-unit-price">
                            </div>
            
                    <div class="t1 with-unit-price ">
            <span class="value">0</span>
            <span class="cents">89</span>
            <span class="eur">€</span>
            <span class="unit-price">3.33 €/kg</span>
        </div>
            
    <span class="vline"></span>
</div>                    		
        
        
        <div class="tags tags_primary bottom_icons">
                            
                    </div>
        <div class="tags tags_primary info_icon">
            

        </div>

        <div class="info-notice">
            


                                                </div>

        <div class="img">
          <img alt="Cāļu aknu pastēte, 300 g, vārīta" src="/uploads/sale/2024/sales_page/03/29//calu-aknu-pastete-00173-0121163520.png?1769006120">
        </div>
        <div class="text       ">
            <div class="title">Cāļu aknu pastēte, 300 g, vārīta</div>
            <div class="pack">
                <span class="ptitle"></span>
                <span class="price"> 3.33 €/kg</span>
            </div>
                    </div>
        <div class="infopop">
            <div class="in"><span></span>
                <div class="arrow_top"></div>
                <div class="arrow_bottom"></div>
            </div>
        </div>
    </div>
</div><div class="col-third offer-item">
    <div class="item bl_shadow product-197831   offer-2-l-sp-sku units-price        " data-product-id="197831" data-timeout="323" data-dates-interval="10.10.2023. - 31.12.2026." tabindex="0" role="button">
                                                    <div class="discount price with-unit-price ">
                        <div class="bottom-icon with-unit-price">
                            </div>
            
                    <div class="t1 with-unit-price ">
            <span class="value">0</span>
            <span class="cents">87</span>
            <span class="eur">€</span>
            <span class="unit-price">4.70 €/kg</span>
        </div>
            
    <span class="vline"></span>
</div>                    		
        
        
        <div class="tags tags_primary bottom_icons">
                            
                    </div>
        <div class="tags tags_primary info_icon">
            

        </div>

        <div class="info-notice">
            


                                                </div>

        <div class="img">
          <img alt="Tuncis smalcināts savā sulā OCEAN, 185 g" src="/uploads/sale/2024/sales_page/03/29//tuncis-smalcinats-sava-sula-ocean-00176-0121165018.png?1769007018">
        </div>
        <div class="text       ">
            <div class="title">Tuncis smalcināts savā sulā OCEAN, 185 g</div>
            <div class="pack">
                <span class="ptitle"></span>
                <span class="price"> 4.70 €/kg</span>
            </div>
                    </div>
        <div class="infopop">
            <div class="in"><span></span>
                <div class="arrow_top"></div>
                <div class="arrow_bottom"></div>
            </div>
        </div>
    </div>
</div><div class="col-third offer-item">
    <div class="item bl_shadow product-197832   offer-2-l-sp-sku units-price        " data-product-id="197832" data-timeout="323" data-dates-interval="06.10.2023. - 31.12.2026." tabindex="0" role="button">
                                                    <div class="discount price with-unit-price ">
                        <div class="bottom-icon with-unit-price">
                            </div>
            
                    <div class="t1 with-unit-price ">
            <span class="value">2</span>
            <span class="cents">19</span>
            <span class="eur">€</span>
            <span class="unit-price">7.30 €/kg</span>
        </div>
            
    <span class="vline"></span>
</div>                    		
        
        
        <div class="tags tags_primary bottom_icons">
                            
                    </div>
        <div class="tags tags_primary info_icon">
            

        </div>

        <div class="info-notice">
            


                                                </div>

        <div class="img">
          <img alt="Krabju garšas nūjiņas OCEAN, 300 g, atdzesētas" src="/uploads/sale/2024/sales_page/03/29//krabju-garsas-nujinas-ocean-00177-0121163020.png?1769005820">
        </div>
        <div class="text       ">
            <div class="title">Krabju garšas nūjiņas OCEAN, 300 g, atdzesētas</div>
            <div class="pack">
                <span class="ptitle"></span>
                <span class="price"> 7.30 €/kg</span>
            </div>
                    </div>
        <div class="infopop">
            <div class="in"><span></span>
                <div class="arrow_top"></div>
                <div class="arrow_bottom"></div>
            </div>
        </div>
    </div>
</div><div class="col-third offer-item">
    <div class="item bl_shadow product-197833   offer-2-l-sp-sku units-price        " data-product-id="197833" data-timeout="323" data-dates-interval="06.10.2023. - 31.12.2026." tabindex="0" role="button">
                                                    <div class="discount price with-unit-price ">
                        <div class="bottom-icon with-unit-price">
                            </div>
            
                    <div class="t1 with-unit-price ">
            <span class="value">0</span>
            <span class="cents">99</span>
            <span class="eur">€</span>
            <span class="unit-price">4.55 €/kg</span>
        </div>
            
    <span class="vline"></span>
</div>                    		
        
        
        <div class="tags tags_primary bottom_icons">
                            
                    </div>
        <div class="tags tags_primary info_icon">
            

        </div>

        <div class="info-notice">
            


                                                </div>

        <div class="img">
          <img alt="Siļķu fileja ar dūmu garšu eļļā OCEAN, 220 g" src="/uploads/sale/2024/sales_page/03/29//silku-fileja-ar-dumu-garsu-ella-ocean-00178-0121163020.png?1769005820">
        </div>
        <div class="text       ">
            <div class="title">Siļķu fileja ar dūmu garšu eļļā OCEAN, 220 g</div>
            <div class="pack">
                <span class="ptitle"></span>
                <span class="price"> 4.55 €/kg</span>
            </div>
                    </div>
        <div class="infopop">
            <div class="in"><span></span>
                <div class="arrow_top"></div>
                <div class="arrow_bottom"></div>
            </div>
        </div>
    </div>
</div><div class="col-third offer-item">
    <div class="item bl_shadow product-197794   offer-2-l-sp-sku units-price        " data-product-id="197794" data-timeout="323" data-dates-interval="06.10.2023. - 31.12.2026." tabindex="0" role="button">
                                                    <div class="discount price with-unit-price ">
                        <div class="bottom-icon with-unit-price">
                            </div>
            
                    <div class="t1 with-unit-price ">
            <span class="value">0</span>
            <span class="cents">99</span>
            <span class="eur">€</span>
            <span class="unit-price">6.43 €/kg</span>
        </div>
            
    <span class="vline"></span>
</div>                    		
        
        
        <div class="tags tags_primary bottom_icons">
                            
                    </div>
        <div class="tags tags_primary info_icon">
            

        </div>

        <div class="info-notice">
            


                                                </div>

        <div class="img">
          <img alt="Siļķu fileja eļļā Tradicionālā OCEAN, 220 g" src="/uploads/sale/2024/sales_page/03/29//silku-fileja-ella-tradicionala-ocean-00179-0121163018.png?1769005818">
        </div>
        <div class="text       ">
            <div class="title">Siļķu fileja eļļā Tradicionālā OCEAN, 220 g</div>
            <div class="pack">
                <span class="ptitle"></span>
                <span class="price"> 6.43 €/kg</span>
            </div>
                    </div>
        <div class="infopop">
            <div class="in"><span></span>
                <div class="arrow_top"></div>
                <div class="arrow_bottom"></div>
            </div>
        </div>
    </div>
</div><div class="col-third offer-item">
    <div class="item bl_shadow product-197795   offer-2-l-sp-sku units-price        " data-product-id="197795" data-timeout="323" data-dates-interval="06.10.2023. - 31.12.2026." tabindex="0" role="button">
                                                    <div class="discount price with-unit-price ">
                        <div class="bottom-icon with-unit-price">
                            </div>
            
                    <div class="t1 with-unit-price ">
            <span class="value">0</span>
            <span class="cents">99</span>
            <span class="eur">€</span>
            <span class="unit-price">4.55 €/kg</span>
        </div>
            
    <span class="vline"></span>
</div>                    		
        
        
        <div class="tags tags_primary bottom_icons">
                            
                    </div>
        <div class="tags tags_primary info_icon">
            

        </div>

        <div class="info-notice">
            


                                                </div>

        <div class="img">
          <img alt="Siļķu fileja mazsālīta eļļā ar garšvielām OCEAN, 220 g" src="/uploads/sale/2024/sales_page/03/29//silku-fileja-mazsalita-ella-ar-garsvielam-ocean-00180-0121163018.png?1769005818">
        </div>
        <div class="text       ">
            <div class="title">Siļķu fileja mazsālīta eļļā ar garšvielām OCEAN, 220 g</div>
            <div class="pack">
                <span class="ptitle"></span>
                <span class="price"> 4.55 €/kg</span>
            </div>
                    </div>
        <div class="infopop">
            <div class="in"><span></span>
                <div class="arrow_top"></div>
                <div class="arrow_bottom"></div>
            </div>
        </div>
    </div>
</div><div class="col-third offer-item">
    <div class="item bl_shadow product-197797   offer-2-l-sp-sku units-price        " data-product-id="197797" data-timeout="323" data-dates-interval="06.10.2023. - 31.12.2026." tabindex="0" role="button">
                                                    <div class="discount price with-unit-price ">
                        <div class="bottom-icon with-unit-price">
                            </div>
            
                    <div class="t1 with-unit-price ">
            <span class="value">0</span>
            <span class="cents">39</span>
            <span class="eur">€</span>
            <span class="unit-price">8.13 €/kg</span>
        </div>
            
    <span class="vline"></span>
</div>                    		
        
        
        <div class="tags tags_primary bottom_icons">
                            
                    </div>
        <div class="tags tags_primary info_icon">
            

        </div>

        <div class="info-notice">
            


                                                </div>

        <div class="img">
          <img alt="Sviesta kruasāns MANTINGA, 48 g" src="/uploads/sale/2024/sales_page/03/29//sviesta-kruasans-mantinga-00182-0121155524.png?1769003724">
        </div>
        <div class="text       ">
            <div class="title">Sviesta kruasāns MANTINGA, 48 g</div>
            <div class="pack">
                <span class="ptitle"></span>
                <span class="price"> 8.13 €/kg</span>
            </div>
                    </div>
        <div class="infopop">
            <div class="in"><span></span>
                <div class="arrow_top"></div>
                <div class="arrow_bottom"></div>
            </div>
        </div>
    </div>
</div><div class="col-third offer-item">
    <div class="item bl_shadow product-197798   offer-2-l-sp-sku units-price        " data-product-id="197798" data-timeout="323" data-dates-interval="31.05.2024. - 31.12.2026." tabindex="0" role="button">
                                                    <div class="discount price with-unit-price ">
                        <div class="bottom-icon with-unit-price">
                            </div>
            
                    <div class="t1 with-unit-price ">
            <span class="value">0</span>
            <span class="cents">74</span>
            <span class="eur">€</span>
            <span class="unit-price">4.63 €/kg</span>
        </div>
            
    <span class="vline"></span>
</div>                    		
        
        
        <div class="tags tags_primary bottom_icons">
                            
                    </div>
        <div class="tags tags_primary info_icon">
            

        </div>

        <div class="info-notice">
            


                                                </div>

        <div class="img">
          <img alt="Bagete Franču ar ķiploku sviestu, 160 g" src="/uploads/sale/2024/sales_page/03/29//bagete-francu-ar-kiploku-sviestu-00183-0121155524.png?1769003724">
        </div>
        <div class="text       ">
            <div class="title">Bagete Franču ar ķiploku sviestu, 160 g</div>
            <div class="pack">
                <span class="ptitle"></span>
                <span class="price"> 4.63 €/kg</span>
            </div>
                    </div>
        <div class="infopop">
            <div class="in"><span></span>
                <div class="arrow_top"></div>
                <div class="arrow_bottom"></div>
            </div>
        </div>
    </div>
</div><div class="col-third offer-item">
    <div class="item bl_shadow product-197799   offer-2-l-sp-sku units-price        " data-product-id="197799" data-timeout="323" data-dates-interval="06.10.2023. - 31.12.2026." tabindex="0" role="button">
                                                    <div class="discount price with-unit-price ">
                                                        <div class="bottom-icon with-unit-price">
                            </div>
            
                    <div class="t1 with-unit-price ">
            <span class="value">0</span>
            <span class="cents">79</span>
            <span class="eur">€</span>
            <span class="unit-price">1.32 €/kg</span>
        </div>
            
    <span class="vline"></span>
</div>                    		
        
        
        <div class="tags tags_primary bottom_icons">
                                                            
                                <div data-alt="Latvijas produkts" class="tag tag-soap-6 " style="background-image: url('/uploads/sale/latvijas-produkts-3559.png');                     ">
                </div>
                                            
                    </div>
        <div class="tags tags_primary info_icon">
            

        </div>

        <div class="info-notice">
            


                                                                            </div>

        <div class="img">
          <img alt="Formas maize MANA MAIZE, 600 g" src="/uploads/sale/2024/sales_page/03/29//formas-maize-mana-maize-00184-0121155524.png?1769003724">
        </div>
        <div class="text       ">
            <div class="title">Formas maize MANA MAIZE, 600 g</div>
            <div class="pack">
                <span class="ptitle"></span>
                <span class="price"> 1.32 €/kg</span>
            </div>
                    </div>
        <div class="infopop">
            <div class="in"><span></span>
                <div class="arrow_top"></div>
                <div class="arrow_bottom"></div>
            </div>
        </div>
    </div>
</div><div class="col-third offer-item">
    <div class="item bl_shadow product-197800   offer-2-l-sp-sku units-price        " data-product-id="197800" data-timeout="323" data-dates-interval="06.10.2023. - 31.12.2026." tabindex="0" role="button">
                                                    <div class="discount price with-unit-price ">
                                                        <div class="bottom-icon with-unit-price">
                            </div>
            
                    <div class="t1 with-unit-price ">
            <span class="value">0</span>
            <span class="cents">99</span>
            <span class="eur">€</span>
            <span class="unit-price">1.24 €/kg</span>
        </div>
            
    <span class="vline"></span>
</div>                    		
        
        
        <div class="tags tags_primary bottom_icons">
                                                            
                                <div data-alt="Latvijas produkts" class="tag tag-soap-6 " style="background-image: url('/uploads/sale/latvijas-produkts-3559.png');                     ">
                </div>
                                            
                    </div>
        <div class="tags tags_primary info_icon">
            

        </div>

        <div class="info-notice">
            


                                                                            </div>

        <div class="img">
          <img alt="Saldskābā maize MANA MAIZE, 800 g" src="/uploads/sale/2024/sales_page/03/29//saldskaba-maize-mana-maize-00185-0121155524.png?1769003724">
        </div>
        <div class="text       ">
            <div class="title">Saldskābā maize MANA MAIZE, 800 g</div>
            <div class="pack">
                <span class="ptitle"></span>
                <span class="price"> 1.24 €/kg</span>
            </div>
                    </div>
        <div class="infopop">
            <div class="in"><span></span>
                <div class="arrow_top"></div>
                <div class="arrow_bottom"></div>
            </div>
        </div>
    </div>
</div><div class="col-third offer-item">
    <div class="item bl_shadow product-197822   offer-2-l-sp-sku units-price        " data-product-id="197822" data-timeout="323" data-dates-interval="31.05.2024. - 31.12.2026." tabindex="0" role="button">
                                                    <div class="discount price with-unit-price ">
                        <div class="bottom-icon with-unit-price">
                            </div>
            
                    <div class="t1 with-unit-price ">
            <span class="value">7</span>
            <span class="cents">99</span>
            <span class="eur">€</span>
            <span class="unit-price">7.98 €/kg</span>
        </div>
            
    <span class="vline"></span>
</div>                    		
        
        
        <div class="tags tags_primary bottom_icons">
                            
                    </div>
        <div class="tags tags_primary info_icon">
            

        </div>

        <div class="info-notice">
            


                                                </div>

        <div class="img">
          <img alt="Karsti kūpināta cūkas karbonāde PORMET, fas." src="/uploads/sale/2024/sales_page/03/29//karsti-kupinata-cukas-karbonade-pormet-00167-0121162019.png?1769005219">
        </div>
        <div class="text       ">
            <div class="title">Karsti kūpināta cūkas karbonāde PORMET, fas.</div>
            <div class="pack">
                <span class="ptitle"></span>
                <span class="price"> 7.98 €/kg</span>
            </div>
                    </div>
        <div class="infopop">
            <div class="in"><span></span>
                <div class="arrow_top"></div>
                <div class="arrow_bottom"></div>
            </div>
        </div>
    </div>
</div><div class="col-third offer-item">
    <div class="item bl_shadow product-197823   offer-2-l-sp-sku units-price        " data-product-id="197823" data-timeout="323" data-dates-interval="10.10.2023. - 31.12.2026." tabindex="0" role="button">
                                                    <div class="discount price with-unit-price ">
                        <div class="bottom-icon with-unit-price">
                            </div>
            
                    <div class="t1 with-unit-price ">
            <span class="value">7</span>
            <span class="cents">99</span>
            <span class="eur">€</span>
            <span class="unit-price">7.99 €/kg</span>
        </div>
            
    <span class="vline"></span>
</div>                    		
        
        
        <div class="tags tags_primary bottom_icons">
                            
                    </div>
        <div class="tags tags_primary info_icon">
            

        </div>

        <div class="info-notice">
            


                                                </div>

        <div class="img">
          <img alt="Karsti kūpināta cūkgaļas krūtiņa PORMET, fas." src="/uploads/sale/2024/sales_page/03/29//karsti-kupinata-cukgalas-krutina-pormet-00168-0121162019.png?1769005219">
        </div>
        <div class="text       ">
            <div class="title">Karsti kūpināta cūkgaļas krūtiņa PORMET, fas.</div>
            <div class="pack">
                <span class="ptitle"></span>
                <span class="price"> 7.99 €/kg</span>
            </div>
                    </div>
        <div class="infopop">
            <div class="in"><span></span>
                <div class="arrow_top"></div>
                <div class="arrow_bottom"></div>
            </div>
        </div>
    </div>
</div><div class="col-third offer-item">
    <div class="item bl_shadow product-197824   offer-2-l-sp-sku units-price        " data-product-id="197824" data-timeout="323" data-dates-interval="10.10.2023. - 31.12.2026." tabindex="0" role="button">
                                                    <div class="discount price with-unit-price ">
                        <div class="bottom-icon with-unit-price">
                            </div>
            
                    <div class="t1 with-unit-price ">
            <span class="value">1</span>
            <span class="cents">79</span>
            <span class="eur">€</span>
            <span class="unit-price">3.58 €/kg</span>
        </div>
            
    <span class="vline"></span>
</div>                    		
        
        
        <div class="tags tags_primary bottom_icons">
                            
                    </div>
        <div class="tags tags_primary info_icon">
            

        </div>

        <div class="info-notice">
            


                                                </div>

        <div class="img">
          <img alt="Cepts viltotais zaķis PORMET, 500 g" src="/uploads/sale/2024/sales_page/03/29//cepts-viltotais-zakis-pormet-00169-0121163020.png?1769005820">
        </div>
        <div class="text       ">
            <div class="title">Cepts viltotais zaķis PORMET, 500 g</div>
            <div class="pack">
                <span class="ptitle"></span>
                <span class="price"> 3.58 €/kg</span>
            </div>
                    </div>
        <div class="infopop">
            <div class="in"><span></span>
                <div class="arrow_top"></div>
                <div class="arrow_bottom"></div>
            </div>
        </div>
    </div>
</div><div class="col-third offer-item">
    <div class="item bl_shadow product-197826   offer-2-l-sp-sku units-price        " data-product-id="197826" data-timeout="323" data-dates-interval="06.10.2023. - 31.12.2026." tabindex="0" role="button">
                                                    <div class="discount price with-unit-price ">
                                                        <div class="bottom-icon with-unit-price">
                            </div>
            
                    <div class="t1 with-unit-price ">
            <span class="value">1</span>
            <span class="cents">99</span>
            <span class="eur">€</span>
            <span class="unit-price">14.95 €/kg</span>
        </div>
            
    <span class="vline"></span>
</div>                    		
        
        
        <div class="tags tags_primary bottom_icons">
                                                            
                                <div data-alt="Latvijas produkts" class="tag tag-soap-6 " style="background-image: url('/uploads/sale/latvijas-produkts-3559.png');                     ">
                </div>
                                            
                    </div>
        <div class="tags tags_primary info_icon">
            

        </div>

        <div class="info-notice">
            


                                                                            </div>

        <div class="img">
          <img alt="Vītināta desa PORMET, 200 g" src="/uploads/sale/2024/sales_page/03/29//vitinata-desa-pormet-00171-0121165018.png?1769007018">
        </div>
        <div class="text       ">
            <div class="title">Vītināta desa PORMET, 200 g</div>
            <div class="pack">
                <span class="ptitle"></span>
                <span class="price"> 14.95 €/kg</span>
            </div>
                    </div>
        <div class="infopop">
            <div class="in"><span></span>
                <div class="arrow_top"></div>
                <div class="arrow_bottom"></div>
            </div>
        </div>
    </div>
</div><div class="col-third offer-item">
    <div class="item bl_shadow product-197827   offer-2-l-sp-sku units-price        " data-product-id="197827" data-timeout="323" data-dates-interval="10.10.2023. - 31.12.2026." tabindex="0" role="button">
                                                    <div class="discount price with-unit-price ">
                        <div class="bottom-icon with-unit-price">
                            </div>
            
                    <div class="t1 with-unit-price ">
            <span class="value">0</span>
            <span class="cents">81</span>
            <span class="eur">€</span>
            <span class="unit-price">3.24 €/kg</span>
        </div>
            
    <span class="vline"></span>
</div>                    		
        
        
        <div class="tags tags_primary bottom_icons">
                            
                    </div>
        <div class="tags tags_primary info_icon">
            

        </div>

        <div class="info-notice">
            


                                                </div>

        <div class="img">
          <img alt="Vistas gaļas hamburgeri PORMET, 250 g" src="/uploads/sale/2024/sales_page/03/29//vistas-galas-hamburgeri-pormet-00172-0121163020.png?1769005820">
        </div>
        <div class="text       ">
            <div class="title">Vistas gaļas hamburgeri PORMET, 250 g</div>
            <div class="pack">
                <span class="ptitle"></span>
                <span class="price"> 3.24 €/kg</span>
            </div>
                    </div>
        <div class="infopop">
            <div class="in"><span></span>
                <div class="arrow_top"></div>
                <div class="arrow_bottom"></div>
            </div>
        </div>
    </div>
</div><div class="col-third offer-item">
    <div class="item bl_shadow product-197828   offer-2-l-sp-sku units-price        " data-product-id="197828" data-timeout="323" data-dates-interval="06.10.2023. - 31.12.2026." tabindex="0" role="button">
                                                    <div class="discount price with-unit-price ">
                        <div class="bottom-icon with-unit-price">
                            </div>
            
                    <div class="t1 with-unit-price ">
            <span class="value">0</span>
            <span class="cents">89</span>
            <span class="eur">€</span>
            <span class="unit-price">3.33 €/kg</span>
        </div>
            
    <span class="vline"></span>
</div>                    		
        
        
        <div class="tags tags_primary bottom_icons">
                            
                    </div>
        <div class="tags tags_primary info_icon">
            

        </div>

        <div class="info-notice">
            


                                                </div>

        <div class="img">
          <img alt="Cāļu aknu pastēte, 300 g, vārīta" src="/uploads/sale/2024/sales_page/03/29//calu-aknu-pastete-00173-0121163520.png?1769006120">
        </div>
        <div class="text       ">
            <div class="title">Cāļu aknu pastēte, 300 g, vārīta</div>
            <div class="pack">
                <span class="ptitle"></span>
                <span class="price"> 3.33 €/kg</span>
            </div>
                    </div>
        <div class="infopop">
            <div class="in"><span></span>
                <div class="arrow_top"></div>
                <div class="arrow_bottom"></div>
            </div>
        </div>
    </div>
</div><div class="col-third offer-item">
    <div class="item bl_shadow product-197831   offer-2-l-sp-sku units-price        " data-product-id="197831" data-timeout="323" data-dates-interval="10.10.2023. - 31.12.2026." tabindex="0" role="button">
                                                    <div class="discount price with-unit-price ">
                        <div class="bottom-icon with-unit-price">
                            </div>
            
                    <div class="t1 with-unit-price ">
            <span class="value">0</span>
            <span class="cents">87</span>
            <span class="eur">€</span>
            <span class="unit-price">4.70 €/kg</span>
        </div>
            
    <span class="vline"></span>
</div>                    		
        
        
        <div class="tags tags_primary bottom_icons">
                            
                    </div>
        <div class="tags tags_primary info_icon">
            

        </div>

        <div class="info-notice">
            


                                                </div>

        <div class="img">
          <img alt="Tuncis smalcināts savā sulā OCEAN, 185 g" src="/uploads/sale/2024/sales_page/03/29//tuncis-smalcinats-sava-sula-ocean-00176-0121165018.png?1769007018">
        </div>
        <div class="text       ">
            <div class="title">Tuncis smalcināts savā sulā OCEAN, 185 g</div>
            <div class="pack">
                <span class="ptitle"></span>
                <span class="price"> 4.70 €/kg</span>
            </div>
                    </div>
        <div class="infopop">
            <div class="in"><span></span>
                <div class="arrow_top"></div>
                <div class="arrow_bottom"></div>
            </div>
        </div>
    </div>
</div><div class="col-third offer-item">
    <div class="item bl_shadow product-197832   offer-2-l-sp-sku units-price        " data-product-id="197832" data-timeout="323" data-dates-interval="06.10.2023. - 31.12.2026." tabindex="0" role="button">
                                                    <div class="discount price with-unit-price ">
                        <div class="bottom-icon with-unit-price">
                            </div>
            
                    <div class="t1 with-unit-price ">
            <span class="value">2</span>
            <span class="cents">19</span>
            <span class="eur">€</span>
            <span class="unit-price">7.30 €/kg</span>
        </div>
            
    <span class="vline"></span>
</div>                    		
        
        
        <div class="tags tags_primary bottom_icons">
                            
                    </div>
        <div class="tags tags_primary info_icon">
            

        </div>

        <div class="info-notice">
            


                                                </div>

        <div class="img">
          <img alt="Krabju garšas nūjiņas OCEAN, 300 g, atdzesētas" src="/uploads/sale/2024/sales_page/03/29//krabju-garsas-nujinas-ocean-00177-0121163020.png?1769005820">
        </div>
        <div class="text       ">
            <div class="title">Krabju garšas nūjiņas OCEAN, 300 g, atdzesētas</div>
            <div class="pack">
                <span class="ptitle"></span>
                <span class="price"> 7.30 €/kg</span>
            </div>
                    </div>
        <div class="infopop">
            <div class="in"><span></span>
                <div class="arrow_top"></div>
                <div class="arrow_bottom"></div>
            </div>
        </div>
    </div>
</div><div class="col-third offer-item">
    <div class="item bl_shadow product-197833   offer-2-l-sp-sku units-price        " data-product-id="197833" data-timeout="323" data-dates-interval="06.10.2023. - 31.12.2026." tabindex="0" role="button">
                                                    <div class="discount price with-unit-price ">
                        <div class="bottom-icon with-unit-price">
                            </div>
            
                    <div class="t1 with-unit-price ">
            <span class="value">0</span>
            <span class="cents">99</span>
            <span class="eur">€</span>
            <span class="unit-price">4.55 €/kg</span>
        </div>
            
    <span class="vline"></span>
</div>                    		
        
        
        <div class="tags tags_primary bottom_icons">
                            
                    </div>
        <div class="tags tags_primary info_icon">
            

        </div>

        <div class="info-notice">
            


                                                </div>

        <div class="img">
          <img alt="Siļķu fileja ar dūmu garšu eļļā OCEAN, 220 g" src="/uploads/sale/2024/sales_page/03/29//silku-fileja-ar-dumu-garsu-ella-ocean-00178-0121163020.png?1769005820">
        </div>
        <div class="text       ">
            <div class="title">Siļķu fileja ar dūmu garšu eļļā OCEAN, 220 g</div>
            <div class="pack">
                <span class="ptitle"></span>
                <span class="price"> 4.55 €/kg</span>
            </div>
                    </div>
        <div class="infopop">
            <div class="in"><span></span>
                <div class="arrow_top"></div>
                <div class="arrow_bottom"></div>
            </div>
        </div>
    </div>
</div><div class="col-third offer-item">
    <div class="item bl_shadow product-197794   offer-2-l-sp-sku units-price        " data-product-id="197794" data-timeout="323" data-dates-interval="06.10.2023. - 31.12.2026." tabindex="0" role="button">
                                                    <div class="discount price with-unit-price ">
                        <div class="bottom-icon with-unit-price">
                            </div>
            
                    <div class="t1 with-unit-price ">
            <span class="value">0</span>
            <span class="cents">99</span>
            <span class="eur">€</span>
            <span class="unit-price">6.43 €/kg</span>
        </div>
            
    <span class="vline"></span>
</div>                    		
        
        
        <div class="tags tags_primary bottom_icons">
                            
                    </div>
        <div class="tags tags_primary info_icon">
            

        </div>

        <div class="info-notice">
            


                                                </div>

        <div class="img">
          <img alt="Siļķu fileja eļļā Tradicionālā OCEAN, 220 g" src="/uploads/sale/2024/sales_page/03/29//silku-fileja-ella-tradicionala-ocean-00179-0121163018.png?1769005818">
        </div>
        <div class="text       ">
            <div class="title">Siļķu fileja eļļā Tradicionālā OCEAN, 220 g</div>
            <div class="pack">
                <span class="ptitle"></span>
                <span class="price"> 6.43 €/kg</span>
            </div>
                    </div>
        <div class="infopop">
            <div class="in"><span></span>
                <div class="arrow_top"></div>
                <div class="arrow_bottom"></div>
            </div>
        </div>
    </div>
</div><div class="col-third offer-item">
    <div class="item bl_shadow product-197795   offer-2-l-sp-sku units-price        " data-product-id="197795" data-timeout="323" data-dates-interval="06.10.2023. - 31.12.2026." tabindex="0" role="button">
                                                    <div class="discount price with-unit-price ">
                        <div class="bottom-icon with-unit-price">
                            </div>
            
                    <div class="t1 with-unit-price ">
            <span class="value">0</span>
            <span class="cents">99</span>
            <span class="eur">€</span>
            <span class="unit-price">4.55 €/kg</span>
        </div>
            
    <span class="vline"></span>
</div>                    		
        
        
        <div class="tags tags_primary bottom_icons">
                            
                    </div>
        <div class="tags tags_primary info_icon">
            

        </div>

        <div class="info-notice">
            


                                                </div>

        <div class="img">
          <img alt="Siļķu fileja mazsālīta eļļā ar garšvielām OCEAN, 220 g" src="/uploads/sale/2024/sales_page/03/29//silku-fileja-mazsalita-ella-ar-garsvielam-ocean-00180-0121163018.png?1769005818">
        </div>
        <div class="text       ">
            <div class="title">Siļķu fileja mazsālīta eļļā ar garšvielām OCEAN, 220 g</div>
            <div class="pack">
                <span class="ptitle"></span>
                <span class="price"> 4.55 €/kg</span>
            </div>
                    </div>
        <div class="infopop">
            <div class="in"><span></span>
                <div class="arrow_top"></div>
                <div class="arrow_bottom"></div>
            </div>
        </div>
    </div>
</div><div class="col-third offer-item">
    <div class="item bl_shadow product-197797   offer-2-l-sp-sku units-price        " data-product-id="197797" data-timeout="323" data-dates-interval="06.10.2023. - 31.12.2026." tabindex="0" role="button">
                                                    <div class="discount price with-unit-price ">
                        <div class="bottom-icon with-unit-price">
                            </div>
            
                    <div class="t1 with-unit-price ">
            <span class="value">0</span>
            <span class="cents">39</span>
            <span class="eur">€</span>
            <span class="unit-price">8.13 €/kg</span>
        </div>
            
    <span class="vline"></span>
</div>                    		
        
        
        <div class="tags tags_primary bottom_icons">
                            
                    </div>
        <div class="tags tags_primary info_icon">
            

        </div>

        <div class="info-notice">
            


                                                </div>

        <div class="img">
          <img alt="Sviesta kruasāns MANTINGA, 48 g" src="/uploads/sale/2024/sales_page/03/29//sviesta-kruasans-mantinga-00182-0121155524.png?1769003724">
        </div>
        <div class="text       ">
            <div class="title">Sviesta kruasāns MANTINGA, 48 g</div>
            <div class="pack">
                <span class="ptitle"></span>
                <span class="price"> 8.13 €/kg</span>
            </div>
                    </div>
        <div class="infopop">
            <div class="in"><span></span>
                <div class="arrow_top"></div>
                <div class="arrow_bottom"></div>
            </div>
        </div>
    </div>
</div><div class="col-third offer-item">
    <div class="item bl_shadow product-197798   offer-2-l-sp-sku units-price        " data-product-id="197798" data-timeout="323" data-dates-interval="31.05.2024. - 31.12.2026." tabindex="0" role="button">
                                                    <div class="discount price with-unit-price ">
                        <div class="bottom-icon with-unit-price">
                            </div>
            
                    <div class="t1 with-unit-price ">
            <span class="value">0</span>
            <span class="cents">74</span>
            <span class="eur">€</span>
            <span class="unit-price">4.63 €/kg</span>
        </div>
            
    <span class="vline"></span>
</div>                    		
        
        
        <div class="tags tags_primary bottom_icons">
                            
                    </div>
        <div class="tags tags_primary info_icon">
            

        </div>

        <div class="info-notice">
            


                                                </div>

        <div class="img">
          <img alt="Bagete Franču ar ķiploku sviestu, 160 g" src="/uploads/sale/2024/sales_page/03/29//bagete-francu-ar-kiploku-sviestu-00183-0121155524.png?1769003724">
        </div>
        <div class="text       ">
            <div class="title">Bagete Franču ar ķiploku sviestu, 160 g</div>
            <div class="pack">
                <span class="ptitle"></span>
                <span class="price"> 4.63 €/kg</span>
            </div>
                    </div>
        <div class="infopop">
            <div class="in"><span></span>
                <div class="arrow_top"></div>
                <div class="arrow_bottom"></div>
            </div>
        </div>
    </div>
</div><div class="col-third offer-item">
    <div class="item bl_shadow product-197799   offer-2-l-sp-sku units-price        " data-product-id="197799" data-timeout="323" data-dates-interval="06.10.2023. - 31.12.2026." tabindex="0" role="button">
                                                    <div class="discount price with-unit-price ">
                                                        <div class="bottom-icon with-unit-price">
                            </div>
            
                    <div class="t1 with-unit-price ">
            <span class="value">0</span>
            <span class="cents">79</span>
            <span class="eur">€</span>
            <span class="unit-price">1.32 €/kg</span>
        </div>
            
    <span class="vline"></span>
</div>                    		
        
        
        <div class="tags tags_primary bottom_icons">
                                                            
                                <div data-alt="Latvijas produkts" class="tag tag-soap-6 " style="background-image: url('/uploads/sale/latvijas-produkts-3559.png');                     ">
                </div>
                                            
                    </div>
        <div class="tags tags_primary info_icon">
            

        </div>

        <div class="info-notice">
            


                                                                            </div>

        <div class="img">
          <img alt="Formas maize MANA MAIZE, 600 g" src="/uploads/sale/2024/sales_page/03/29//formas-maize-mana-maize-00184-0121155524.png?1769003724">
        </div>
        <div class="text       ">
            <div class="title">Formas maize MANA MAIZE, 600 g</div>
            <div class="pack">
                <span class="ptitle"></span>
                <span class="price"> 1.32 €/kg</span>
            </div>
                    </div>
        <div class="infopop">
            <div class="in"><span></span>
                <div class="arrow_top"></div>
                <div class="arrow_bottom"></div>
            </div>
        </div>
    </div>
</div><div class="col-third offer-item">
    <div class="item bl_shadow product-197800   offer-2-l-sp-sku units-price        " data-product-id="197800" data-timeout="323" data-dates-interval="06.10.2023. - 31.12.2026." tabindex="0" role="button">
                                                    <div class="discount price with-unit-price ">
                                                        <div class="bottom-icon with-unit-price">
                            </div>
            
                    <div class="t1 with-unit-price ">
            <span class="value">0</span>
            <span class="cents">99</span>
            <span class="eur">€</span>
            <span class="unit-price">1.24 €/kg</span>
        </div>
            
    <span class="vline"></span>
</div>                    		
        
        
        <div class="tags tags_primary bottom_icons">
                                                            
                                <div data-alt="Latvijas produkts" class="tag tag-soap-6 " style="background-image: url('/uploads/sale/latvijas-produkts-3559.png');                     ">
                </div>
                                            
                    </div>
        <div class="tags tags_primary info_icon">
            

        </div>

        <div class="info-notice">
            


                                                                            </div>

        <div class="img">
          <img alt="Saldskābā maize MANA MAIZE, 800 g" src="/uploads/sale/2024/sales_page/03/29//saldskaba-maize-mana-maize-00185-0121155524.png?1769003724">
        </div>
        <div class="text       ">
            <div class="title">Saldskābā maize MANA MAIZE, 800 g</div>
            <div class="pack">
                <span class="ptitle"></span>
                <span class="price"> 1.24 €/kg</span>
            </div>
                    </div>
        <div class="infopop">
            <div class="in"><span></span>
                <div class="arrow_top"></div>
                <div class="arrow_bottom"></div>
            </div>
        </div>
    </div>
</div><div class="col-third offer-item">
    <div class="item bl_shadow product-197822   offer-2-l-sp-sku units-price        " data-product-id="197822" data-timeout="323" data-dates-interval="31.05.2024. - 31.12.2026." tabindex="0" role="button">
                                                    <div class="discount price with-unit-price ">
                        <div class="bottom-icon with-unit-price">
                            </div>
            
                    <div class="t1 with-unit-price ">
            <span class="value">7</span>
            <span class="cents">99</span>
            <span class="eur">€</span>
            <span class="unit-price">7.98 €/kg</span>
        </div>
            
    <span class="vline"></span>
</div>                    		
        
        
        <div class="tags tags_primary bottom_icons">
                            
                    </div>
        <div class="tags tags_primary info_icon">
            

        </div>

        <div class="info-notice">
            


                                                </div>

        <div class="img">
          <img alt="Karsti kūpināta cūkas karbonāde PORMET, fas." src="/uploads/sale/2024/sales_page/03/29//karsti-kupinata-cukas-karbonade-pormet-00167-0121162019.png?1769005219">
        </div>
        <div class="text       ">
            <div class="title">Karsti kūpināta cūkas karbonāde PORMET, fas.</div>
            <div class="pack">
                <span class="ptitle"></span>
                <span class="price"> 7.98 €/kg</span>
            </div>
                    </div>
        <div class="infopop">
            <div class="in"><span></span>
                <div class="arrow_top"></div>
                <div class="arrow_bottom"></div>
            </div>
        </div>
    </div>
</div><div class="col-third offer-item">
    <div class="item bl_shadow product-197823   offer-2-l-sp-sku units-price        " data-product-id="197823" data-timeout="323" data-dates-interval="10.10.2023. - 31.12.2026." tabindex="0" role="button">
                                                    <div class="discount price with-unit-price ">
                        <div class="bottom-icon with-unit-price">
                            </div>
            
                    <div class="t1 with-unit-price ">
            <span class="value">7</span>
            <span class="cents">99</span>
            <span class="eur">€</span>
            <span class="unit-price">7.99 €/kg</span>
        </div>
            
    <span class="vline"></span>
</div>                    		
        
        
        <div class="tags tags_primary bottom_icons">
                            
                    </div>
        <div class="tags tags_primary info_icon">
            

        </div>

        <div class="info-notice">
            


                                                </div>

        <div class="img">
          <img alt="Karsti kūpināta cūkgaļas krūtiņa PORMET, fas." src="/uploads/sale/2024/sales_page/03/29//karsti-kupinata-cukgalas-krutina-pormet-00168-0121162019.png?1769005219">
        </div>
        <div class="text       ">
            <div class="title">Karsti kūpināta cūkgaļas krūtiņa PORMET, fas.</div>
            <div class="pack">
                <span class="ptitle"></span>
                <span class="price"> 7.99 €/kg</span>
            </div>
                    </div>
        <div class="infopop">
            <div class="in"><span></span>
                <div class="arrow_top"></div>
                <div class="arrow_bottom"></div>
            </div>
        </div>
    </div>
</div><div class="col-third offer-item">
    <div class="item bl_shadow product-197824   offer-2-l-sp-sku units-price        " data-product-id="197824" data-timeout="323" data-dates-interval="10.10.2023. - 31.12.2026." tabindex="0" role="button">
                                                    <div class="discount price with-unit-price ">
                        <div class="bottom-icon with-unit-price">
                            </div>
            
                    <div class="t1 with-unit-price ">
            <span class="value">1</span>
            <span class="cents">79</span>
            <span class="eur">€</span>
            <span class="unit-price">3.58 €/kg</span>
        </div>
            
    <span class="vline"></span>
</div>                    		
        
        
        <div class="tags tags_primary bottom_icons">
                            
                    </div>
        <div class="tags tags_primary info_icon">
            

        </div>

        <div class="info-notice">
            


                                                </div>

        <div class="img">
          <img alt="Cepts viltotais zaķis PORMET, 500 g" src="/uploads/sale/2024/sales_page/03/29//cepts-viltotais-zakis-pormet-00169-0121163020.png?1769005820">
        </div>
        <div class="text       ">
            <div class="title">Cepts viltotais zaķis PORMET, 500 g</div>
            <div class="pack">
                <span class="ptitle"></span>
                <span class="price"> 3.58 €/kg</span>
            </div>
                    </div>
        <div class="infopop">
            <div class="in"><span></span>
                <div class="arrow_top"></div>
                <div class="arrow_bottom"></div>
            </div>
        </div>
    </div>
</div><div class="col-third offer-item">
    <div class="item bl_shadow product-197826   offer-2-l-sp-sku units-price        " data-product-id="197826" data-timeout="323" data-dates-interval="06.10.2023. - 31.12.2026." tabindex="0" role="button">
                                                    <div class="discount price with-unit-price ">
                                                        <div class="bottom-icon with-unit-price">
                            </div>
            
                    <div class="t1 with-unit-price ">
            <span class="value">1</span>
            <span class="cents">99</span>
            <span class="eur">€</span>
            <span class="unit-price">14.95 €/kg</span>
        </div>
            
    <span class="vline"></span>
</div>                    		
        
        
        <div class="tags tags_primary bottom_icons">
                                                            
                                <div data-alt="Latvijas produkts" class="tag tag-soap-6 " style="background-image: url('/uploads/sale/latvijas-produkts-3559.png');                     ">
                </div>
                                            
                    </div>
        <div class="tags tags_primary info_icon">
            

        </div>

        <div class="info-notice">
            


                                                                            </div>

        <div class="img">
          <img alt="Vītināta desa PORMET, 200 g" src="/uploads/sale/2024/sales_page/03/29//vitinata-desa-pormet-00171-0121165018.png?1769007018">
        </div>
        <div class="text       ">
            <div class="title">Vītināta desa PORMET, 200 g</div>
            <div class="pack">
                <span class="ptitle"></span>
                <span class="price"> 14.95 €/kg</span>
            </div>
                    </div>
        <div class="infopop">
            <div class="in"><span></span>
                <div class="arrow_top"></div>
                <div class="arrow_bottom"></div>
            </div>
        </div>
    </div>
</div><div class="col-third offer-item">
    <div class="item bl_shadow product-197827   offer-2-l-sp-sku units-price        " data-product-id="197827" data-timeout="323" data-dates-interval="10.10.2023. - 31.12.2026." tabindex="0" role="button">
                                                    <div class="discount price with-unit-price ">
                        <div class="bottom-icon with-unit-price">
                            </div>
            
                    <div class="t1 with-unit-price ">
            <span class="value">0</span>
            <span class="cents">81</span>
            <span class="eur">€</span>
            <span class="unit-price">3.24 €/kg</span>
        </div>
            
    <span class="vline"></span>
</div>                    		
        
        
        <div class="tags tags_primary bottom_icons">
                            
                    </div>
        <div class="tags tags_primary info_icon">
            

        </div>

        <div class="info-notice">
            


                                                </div>

        <div class="img">
          <img alt="Vistas gaļas hamburgeri PORMET, 250 g" src="/uploads/sale/2024/sales_page/03/29//vistas-galas-hamburgeri-pormet-00172-0121163020.png?1769005820">
        </div>
        <div class="text       ">
            <div class="title">Vistas gaļas hamburgeri PORMET, 250 g</div>
            <div class="pack">
                <span class="ptitle"></span>
                <span class="price"> 3.24 €/kg</span>
            </div>
                    </div>
        <div class="infopop">
            <div class="in"><span></span>
                <div class="arrow_top"></div>
                <div class="arrow_bottom"></div>
            </div>
        </div>
    </div>
</div><div class="col-third offer-item">
    <div class="item bl_shadow product-197828   offer-2-l-sp-sku units-price        " data-product-id="197828" data-timeout="323" data-dates-interval="06.10.2023. - 31.12.2026." tabindex="0" role="button">
                                                    <div class="discount price with-unit-price ">
                        <div class="bottom-icon with-unit-price">
                            </div>
            
                    <div class="t1 with-unit-price ">
            <span class="value">0</span>
            <span class="cents">89</span>
            <span class="eur">€</span>
            <span class="unit-price">3.33 €/kg</span>
        </div>
            
    <span class="vline"></span>
</div>                    		
        
        
        <div class="tags tags_primary bottom_icons">
                            
                    </div>
        <div class="tags tags_primary info_icon">
            

        </div>

        <div class="info-notice">
            


                                                </div>

        <div class="img">
          <img alt="Cāļu aknu pastēte, 300 g, vārīta" src="/uploads/sale/2024/sales_page/03/29//calu-aknu-pastete-00173-0121163520.png?1769006120">
        </div>
        <div class="text       ">
            <div class="title">Cāļu aknu pastēte, 300 g, vārīta</div>
            <div class="pack">
                <span class="ptitle"></span>
                <span class="price"> 3.33 €/kg</span>
            </div>
                    </div>
        <div class="infopop">
            <div class="in"><span></span>
                <div class="arrow_top"></div>
                <div class="arrow_bottom"></div>
            </div>
        </div>
    </div>
</div><div class="col-third offer-item">
    <div class="item bl_shadow product-197831   offer-2-l-sp-sku units-price        " data-product-id="197831" data-timeout="323" data-dates-interval="10.10.2023. - 31.12.2026." tabindex="0" role="button">
                                                    <div class="discount price with-unit-price ">
                        <div class="bottom-icon with-unit-price">
                            </div>
            
                    <div class="t1 with-unit-price ">
            <span class="value">0</span>
            <span class="cents">87</span>
            <span class="eur">€</span>
            <span class="unit-price">4.70 €/kg</span>
        </div>
            
    <span class="vline"></span>
</div>                    		
        
        
        <div class="tags tags_primary bottom_icons">
                            
                    </div>
        <div class="tags tags_primary info_icon">
            

        </div>

        <div class="info-notice">
            


                                                </div>

        <div class="img">
          <img alt="Tuncis smalcināts savā sulā OCEAN, 185 g" src="/uploads/sale/2024/sales_page/03/29//tuncis-smalcinats-sava-sula-ocean-00176-0121165018.png?1769007018">
        </div>
        <div class="text       ">
            <div class="title">Tuncis smalcināts savā sulā OCEAN, 185 g</div>
            <div class="pack">
                <span class="ptitle"></span>
                <span class="price"> 4.70 €/kg</span>
            </div>
                    </div>
        <div class="infopop">
            <div class="in"><span></span>
                <div class="arrow_top"></div>
                <div class="arrow_bottom"></div>
            </div>
        </div>
    </div>
</div><div class="col-third offer-item">
    <div class="item bl_shadow product-197832   offer-2-l-sp-sku units-price        " data-product-id="197832" data-timeout="323" data-dates-interval="06.10.2023. - 31.12.2026." tabindex="0" role="button">
                                                    <div class="discount price with-unit-price ">
                        <div class="bottom-icon with-unit-price">
                            </div>
            
                    <div class="t1 with-unit-price ">
            <span class="value">2</span>
            <span class="cents">19</span>
            <span class="eur">€</span>
            <span class="unit-price">7.30 €/kg</span>
        </div>
            
    <span class="vline"></span>
</div>                    		
        
        
        <div class="tags tags_primary bottom_icons">
                            
                    </div>
        <div class="tags tags_primary info_icon">
            

        </div>

        <div class="info-notice">
            


                                                </div>

        <div class="img">
          <img alt="Krabju garšas nūjiņas OCEAN, 300 g, atdzesētas" src="/uploads/sale/2024/sales_page/03/29//krabju-garsas-nujinas-ocean-00177-0121163020.png?1769005820">
        </div>
        <div class="text       ">
            <div class="title">Krabju garšas nūjiņas OCEAN, 300 g, atdzesētas</div>
            <div class="pack">
                <span class="ptitle"></span>
                <span class="price"> 7.30 €/kg</span>
            </div>
                    </div>
        <div class="infopop">
            <div class="in"><span></span>
                <div class="arrow_top"></div>
                <div class="arrow_bottom"></div>
            </div>
        </div>
    </div>
</div><div class="col-third offer-item">
    <div class="item bl_shadow product-197833   offer-2-l-sp-sku units-price        " data-product-id="197833" data-timeout="323" data-dates-interval="06.10.2023. - 31.12.2026." tabindex="0" role="button">
                                                    <div class="discount price with-unit-price ">
                        <div class="bottom-icon with-unit-price">
                            </div>
            
                    <div class="t1 with-unit-price ">
            <span class="value">0</span>
            <span class="cents">99</span>
            <span class="eur">€</span>
            <span class="unit-price">4.55 €/kg</span>
        </div>
            
    <span class="vline"></span>
</div>                    		
        
        
        <div class="tags tags_primary bottom_icons">
                            
                    </div>
        <div class="tags tags_primary info_icon">
            

        </div>

        <div class="info-notice">
            


                                                </div>

        <div class="img">
          <img alt="Siļķu fileja ar dūmu garšu eļļā OCEAN, 220 g" src="/uploads/sale/2024/sales_page/03/29//silku-fileja-ar-dumu-garsu-ella-ocean-00178-0121163020.png?1769005820">
        </div>
        <div class="text       ">
            <div class="title">Siļķu fileja ar dūmu garšu eļļā OCEAN, 220 g</div>
            <div class="pack">
                <span class="ptitle"></span>
                <span class="price"> 4.55 €/kg</span>
            </div>
                    </div>
        <div class="infopop">
            <div class="in"><span></span>
                <div class="arrow_top"></div>
                <div class="arrow_bottom"></div>
            </div>
        </div>
    </div>
</div><div class="col-third offer-item">
    <div class="item bl_shadow product-197794   offer-2-l-sp-sku units-price        " data-product-id="197794" data-timeout="323" data-dates-interval="06.10.2023. - 31.12.2026." tabindex="0" role="button">
                                                    <div class="discount price with-unit-price ">
                        <div class="bottom-icon with-unit-price">
                            </div>
            
                    <div class="t1 with-unit-price ">
            <span class="value">0</span>
            <span class="cents">99</span>
            <span class="eur">€</span>
            <span class="unit-price">6.43 €/kg</span>
        </div>
            
    <span class="vline"></span>
</div>                    		
        
        
        <div class="tags tags_primary bottom_icons">
                            
                    </div>
        <div class="tags tags_primary info_icon">
            

        </div>

        <div class="info-notice">
            


                                                </div>

        <div class="img">
          <img alt="Siļķu fileja eļļā Tradicionālā OCEAN, 220 g" src="/uploads/sale/2024/sales_page/03/29//silku-fileja-ella-tradicionala-ocean-00179-0121163018.png?1769005818">
        </div>
        <div class="text       ">
            <div class="title">Siļķu fileja eļļā Tradicionālā OCEAN, 220 g</div>
            <div class="pack">
                <span class="ptitle"></span>
                <span class="price"> 6.43 €/kg</span>
            </div>
                    </div>
        <div class="infopop">
            <div class="in"><span></span>
                <div class="arrow_top"></div>
                <div class="arrow_bottom"></div>
            </div>
        </div>
    </div>
</div><div class="col-third offer-item">
    <div class="item bl_shadow product-197795   offer-2-l-sp-sku units-price        " data-product-id="197795" data-timeout="323" data-dates-interval="06.10.2023. - 31.12.2026." tabindex="0" role="button">
                                                    <div class="discount price with-unit-price ">
                        <div class="bottom-icon with-unit-price">
                            </div>
            
                    <div class="t1 with-unit-price ">
            <span class="value">0</span>
            <span class="cents">99</span>
            <span class="eur">€</span>
            <span class="unit-price">4.55 €/kg</span>
        </div>
            
    <span class="vline"></span>
</div>                    		
        
        
        <div class="tags tags_primary bottom_icons">
                            
                    </div>
        <div class="tags tags_primary info_icon">
            

        </div>

        <div class="info-notice">
            


                                                </div>

        <div class="img">
          <img alt="Siļķu fileja mazsālīta eļļā ar garšvielām OCEAN, 220 g" src="/uploads/sale/2024/sales_page/03/29//silku-fileja-mazsalita-ella-ar-garsvielam-ocean-00180-0121163018.png?1769005818">
        </div>
        <div class="text       ">
            <div class="title">Siļķu fileja mazsālīta eļļā ar garšvielām OCEAN, 220 g</div>
            <div class="pack">
                <span class="ptitle"></span>
                <span class="price"> 4.55 €/kg</span>
            </div>
                    </div>
        <div class="infopop">
            <div class="in"><span></span>
                <div class="arrow_top"></div>
                <div class="arrow_bottom"></div>
            </div>
        </div>
    </div>
</div><div class="col-third offer-item">
    <div class="item bl_shadow product-197797   offer-2-l-sp-sku units-price        " data-product-id="197797" data-timeout="323" data-dates-interval="06.10.2023. - 31.12.2026." tabindex="0" role="button">
                                                    <div class="discount price with-unit-price ">
                        <div class="bottom-icon with-unit-price">
                            </div>
            
                    <div class="t1 with-unit-price ">
            <span class="value">0</span>
            <span class="cents">39</span>
            <span class="eur">€</span>
            <span class="unit-price">8.13 €/kg</span>
        </div>
            
    <span class="vline"></span>
</div>                    		
        
        
        <div class="tags tags_primary bottom_icons">
                            
                    </div>
        <div class="tags tags_primary info_icon">
            

        </div>

        <div class="info-notice">
            


                                                </div>

        <div class="img">
          <img alt="Sviesta kruasāns MANTINGA, 48 g" src="/uploads/sale/2024/sales_page/03/29//sviesta-kruasans-mantinga-00182-0121155524.png?1769003724">
        </div>
        <div class="text       ">
            <div class="title">Sviesta kruasāns MANTINGA, 48 g</div>
            <div class="pack">
                <span class="ptitle"></span>
                <span class="price"> 8.13 €/kg</span>
            </div>
                    </div>
        <div class="infopop">
            <div class="in"><span></span>
                <div class="arrow_top"></div>
                <div class="arrow_bottom"></div>
            </div>
        </div>
    </div>
</div><div class="col-third offer-item">
    <div class="item bl_shadow product-197798   offer-2-l-sp-sku units-price        " data-product-id="197798" data-timeout="323" data-dates-interval="31.05.2024. - 31.12.2026." tabindex="0" role="button">
                                                    <div class="discount price with-unit-price ">
                        <div class="bottom-icon with-unit-price">
                            </div>
            
                    <div class="t1 with-unit-price ">
            <span class="value">0</span>
            <span class="cents">74</span>
            <span class="eur">€</span>
            <span class="unit-price">4.63 €/kg</span>
        </div>
            
    <span class="vline"></span>
</div>                    		
        
        
        <div class="tags tags_primary bottom_icons">
                            
                    </div>
        <div class="tags tags_primary info_icon">
            

        </div>

        <div class="info-notice">
            


                                                </div>

        <div class="img">
          <img alt="Bagete Franču ar ķiploku sviestu, 160 g" src="/uploads/sale/2024/sales_page/03/29//bagete-francu-ar-kiploku-sviestu-00183-0121155524.png?1769003724">
        </div>
        <div class="text       ">
            <div class="title">Bagete Franču ar ķiploku sviestu, 160 g</div>
            <div class="pack">
                <span class="ptitle"></span>
                <span class="price"> 4.63 €/kg</span>
            </div>
                    </div>
        <div class="infopop">
            <div class="in"><span></span>
                <div class="arrow_top"></div>
                <div class="arrow_bottom"></div>
            </div>
        </div>
    </div>
</div><div class="col-third offer-item">
    <div class="item bl_shadow product-197799   offer-2-l-sp-sku units-price        " data-product-id="197799" data-timeout="323" data-dates-interval="06.10.2023. - 31.12.2026." tabindex="0" role="button">
                                                    <div class="discount price with-unit-price ">
                                                        <div class="bottom-icon with-unit-price">
                            </div>
            
                    <div class="t1 with-unit-price ">
            <span class="value">0</span>
            <span class="cents">79</span>
            <span class="eur">€</span>
            <span class="unit-price">1.32 €/kg</span>
        </div>
            
    <span class="vline"></span>
</div>                    		
        
        
        <div class="tags tags_primary bottom_icons">
                                                            
                                <div data-alt="Latvijas produkts" class="tag tag-soap-6 " style="background-image: url('/uploads/sale/latvijas-produkts-3559.png');                     ">
                </div>
                                            
                    </div>
        <div class="tags tags_primary info_icon">
            

        </div>

        <div class="info-notice">
            


                                                                            </div>

        <div class="img">
          <img alt="Formas maize MANA MAIZE, 600 g" src="/uploads/sale/2024/sales_page/03/29//formas-maize-mana-maize-00184-0121155524.png?1769003724">
        </div>
        <div class="text       ">
            <div class="title">Formas maize MANA MAIZE, 600 g</div>
            <div class="pack">
                <span class="ptitle"></span>
                <span class="price"> 1.32 €/kg</span>
            </div>
                    </div>
        <div class="infopop">
            <div class="in"><span></span>
                <div class="arrow_top"></div>
                <div class="arrow_bottom"></div>
            </div>
        </div>
    </div>
</div><div class="col-third offer-item">
    <div class="item bl_shadow product-197800   offer-2-l-sp-sku units-price        " data-product-id="197800" data-timeout="323" data-dates-interval="06.10.2023. - 31.12.2026." tabindex="0" role="button">
                                                    <div class="discount price with-unit-price ">
                                                        <div class="bottom-icon with-unit-price">
                            </div>
            
                    <div class="t1 with-unit-price ">
            <span class="value">0</span>
            <span class="cents">99</span>
            <span class="eur">€</span>
            <span class="unit-price">1.24 €/kg</span>
        </div>
            
    <span class="vline"></span>
</div>                    		
        
        
        <div class="tags tags_primary bottom_icons">
                                                            
                                <div data-alt="Latvijas produkts" class="tag tag-soap-6 " style="background-image: url('/uploads/sale/latvijas-produkts-3559.png');                     ">
                </div>
                                            
                    </div>
        <div class="tags tags_primary info_icon">
            

        </div>

        <div class="info-notice">
            


                                                                            </div>

        <div class="img">
          <img alt="Saldskābā maize MANA MAIZE, 800 g" src="/uploads/sale/2024/sales_page/03/29//saldskaba-maize-mana-maize-00185-0121155524.png?1769003724">
        </div>
        <div class="text       ">
            <div class="title">Saldskābā maize MANA MAIZE, 800 g</div>
            <div class="pack">
                <span class="ptitle"></span>
                <span class="price"> 1.24 €/kg</span>
            </div>
                    </div>
        <div class="infopop">
            <div class="in"><span></span>
                <div class="arrow_top"></div>
                <div class="arrow_bottom"></div>
            </div>
        </div>
    </div>
</div><div class="col-third offer-item">
    <div class="item bl_shadow product-197822   offer-2-l-sp-sku units-price        " data-product-id="197822" data-timeout="323" data-dates-interval="31.05.2024. - 31.12.2026." tabindex="0" role="button">
                                                    <div class="discount price with-unit-price ">
                        <div class="bottom-icon with-unit-price">
                            </div>
            
                    <div class="t1 with-unit-price ">
            <span class="value">7</span>
            <span class="cents">99</span>
            <span class="eur">€</span>
            <span class="unit-price">7.98 €/kg</span>
        </div>
            
    <span class="vline"></span>
</div>                    		
        
        
        <div class="tags tags_primary bottom_icons">
                            
                    </div>
        <div class="tags tags_primary info_icon">
            

        </div>

        <div class="info-notice">
            


                                                </div>

        <div class="img">
          <img alt="Karsti kūpināta cūkas karbonāde PORMET, fas." src="/uploads/sale/2024/sales_page/03/29//karsti-kupinata-cukas-karbonade-pormet-00167-0121162019.png?1769005219">
        </div>
        <div class="text       ">
            <div class="title">Karsti kūpināta cūkas karbonāde PORMET, fas.</div>
            <div class="pack">
                <span class="ptitle"></span>
                <span class="price"> 7.98 €/kg</span>
            </div>
                    </div>
        <div class="infopop">
            <div class="in"><span></span>
                <div class="arrow_top"></div>
                <div class="arrow_bottom"></div>
            </div>
        </div>
    </div>
</div><div class="col-third offer-item">
    <div class="item bl_shadow product-197823   offer-2-l-sp-sku units-price        " data-product-id="197823" data-timeout="323" data-dates-interval="10.10.2023. - 31.12.2026." tabindex="0" role="button">
                                                    <div class="discount price with-unit-price ">
                        <div class="bottom-icon with-unit-price">
                            </div>
            
                    <div class="t1 with-unit-price ">
            <span class="value">7</span>
            <span class="cents">99</span>
            <span class="eur">€</span>
            <span class="unit-price">7.99 €/kg</span>
        </div>
            
    <span class="vline"></span>
</div>                    		
        
        
        <div class="tags tags_primary bottom_icons">
                            
                    </div>
        <div class="tags tags_primary info_icon">
            

        </div>

        <div class="info-notice">
            


                                                </div>

        <div class="img">
          <img alt="Karsti kūpināta cūkgaļas krūtiņa PORMET, fas." src="/uploads/sale/2024/sales_page/03/29//karsti-kupinata-cukgalas-krutina-pormet-00168-0121162019.png?1769005219">
        </div>
        <div class="text       ">
            <div class="title">Karsti kūpināta cūkgaļas krūtiņa PORMET, fas.</div>
            <div class="pack">
                <span class="ptitle"></span>
                <span class="price"> 7.99 €/kg</span>
            </div>
                    </div>
        <div class="infopop">
            <div class="in"><span></span>
                <div class="arrow_top"></div>
                <div class="arrow_bottom"></div>
            </div>
        </div>
    </div>
</div><div class="col-third offer-item">
    <div class="item bl_shadow product-197824   offer-2-l-sp-sku units-price        " data-product-id="197824" data-timeout="323" data-dates-interval="10.10.2023. - 31.12.2026." tabindex="0" role="button">
                                                    <div class="discount price with-unit-price ">
                        <div class="bottom-icon with-unit-price">
                            </div>
            
                    <div class="t1 with-unit-price ">
            <span class="value">1</span>
            <span class="cents">79</span>
            <span class="eur">€</span>
            <span class="unit-price">3.58 €/kg</span>
        </div>
            
    <span class="vline"></span>
</div>                    		
        
        
        <div class="tags tags_primary bottom_icons">
                            
                    </div>
        <div class="tags tags_primary info_icon">
            

        </div>

        <div class="info-notice">
            


                                                </div>

        <div class="img">
          <img alt="Cepts viltotais zaķis PORMET, 500 g" src="/uploads/sale/2024/sales_page/03/29//cepts-viltotais-zakis-pormet-00169-0121163020.png?1769005820">
        </div>
        <div class="text       ">
            <div class="title">Cepts viltotais zaķis PORMET, 500 g</div>
            <div class="pack">
                <span class="ptitle"></span>
                <span class="price"> 3.58 €/kg</span>
            </div>
                    </div>
        <div class="infopop">
            <div class="in"><span></span>
                <div class="arrow_top"></div>
                <div class="arrow_bottom"></div>
            </div>
        </div>
    </div>
</div><div class="col-third offer-item">
    <div class="item bl_shadow product-197826   offer-2-l-sp-sku units-price        " data-product-id="197826" data-timeout="323" data-dates-interval="06.10.2023. - 31.12.2026." tabindex="0" role="button">
                                                    <div class="discount price with-unit-price ">
                                                        <div class="bottom-icon with-unit-price">
                            </div>
            
                    <div class="t1 with-unit-price ">
            <span class="value">1</span>
            <span class="cents">99</span>
            <span class="eur">€</span>
            <span class="unit-price">14.95 €/kg</span>
        </div>
            
    <span class="vline"></span>
</div>                    		
        
        
        <div class="tags tags_primary bottom_icons">
                                                            
                                <div data-alt="Latvijas produkts" class="tag tag-soap-6 " style="background-image: url('/uploads/sale/latvijas-produkts-3559.png');                     ">
                </div>
                                            
                    </div>
        <div class="tags tags_primary info_icon">
            

        </div>

        <div class="info-notice">
            


                                                                            </div>

        <div class="img">
          <img alt="Vītināta desa PORMET, 200 g" src="/uploads/sale/2024/sales_page/03/29//vitinata-desa-pormet-00171-0121165018.png?1769007018">
        </div>
        <div class="text       ">
            <div class="title">Vītināta desa PORMET, 200 g</div>
            <div class="pack">
                <span class="ptitle"></span>
                <span class="price"> 14.95 €/kg</span>
            </div>
                    </div>
        <div class="infopop">
            <div class="in"><span></span>
                <div class="arrow_top"></div>
                <div class="arrow_bottom"></div>
            </div>
        </div>
    </div>
</div><div class="col-third offer-item">
    <div class="item bl_shadow product-197827   offer-2-l-sp-sku units-price        " data-product-id="197827" data-timeout="323" data-dates-interval="10.10.2023. - 31.12.2026." tabindex="0" role="button">
                                                    <div class="discount price with-unit-price ">
                        <div class="bottom-icon with-unit-price">
                            </div>
            
                    <div class="t1 with-unit-price ">
            <span class="value">0</span>
            <span class="cents">81</span>
            <span class="eur">€</span>
            <span class="unit-price">3.24 €/kg</span>
        </div>
            
    <span class="vline"></span>
</div>                    		
        
        
        <div class="tags tags_primary bottom_icons">
                            
                    </div>
        <div class="tags tags_primary info_icon">
            

        </div>

        <div class="info-notice">
            


                                                </div>

        <div class="img">
          <img alt="Vistas gaļas hamburgeri PORMET, 250 g" src="/uploads/sale/2024/sales_page/03/29//vistas-galas-hamburgeri-pormet-00172-0121163020.png?1769005820">
        </div>
        <div class="text       ">
            <div class="title">Vistas gaļas hamburgeri PORMET, 250 g</div>
            <div class="pack">
                <span class="ptitle"></span>
                <span class="price"> 3.24 €/kg</span>
            </div>
                    </div>
        <div class="infopop">
            <div class="in"><span></span>
                <div class="arrow_top"></div>
                <div class="arrow_bottom"></div>
            </div>
        </div>
    </div>
</div><div class="col-third offer-item">
    <div class="item bl_shadow product-197828   offer-2-l-sp-sku units-price        " data-product-id="197828" data-timeout="323" data-dates-interval="06.10.2023. - 31.12.2026." tabindex="0" role="button">
                                                    <div class="discount price with-unit-price ">
                        <div class="bottom-icon with-unit-price">
                            </div>
            
                    <div class="t1 with-unit-price ">
            <span class="value">0</span>
            <span class="cents">89</span>
            <span class="eur">€</span>
            <span class="unit-price">3.33 €/kg</span>
        </div>
            
    <span class="vline"></span>
</div>                    		
        
        
        <div class="tags tags_primary bottom_icons">
                            
                    </div>
        <div class="tags tags_primary info_icon">
            

        </div>

        <div class="info-notice">
            


                                                </div>

        <div class="img">
          <img alt="Cāļu aknu pastēte, 300 g, vārīta" src="/uploads/sale/2024/sales_page/03/29//calu-aknu-pastete-00173-0121163520.png?1769006120">
        </div>
        <div class="text       ">
            <div class="title">Cāļu aknu pastēte, 300 g, vārīta</div>
            <div class="pack">
                <span class="ptitle"></span>
                <span class="price"> 3.33 €/kg</span>
            </div>
                    </div>
        <div class="infopop">
            <div class="in"><span></span>
                <div class="arrow_top"></div>
                <div class="arrow_bottom"></div>
            </div>
        </div>
    </div>
</div><div class="col-third offer-item">
    <div class="item bl_shadow product-197831   offer-2-l-sp-sku units-price        " data-product-id="197831" data-timeout="323" data-dates-interval="10.10.2023. - 31.12.2026." tabindex="0" role="button">
                                                    <div class="discount price with-unit-price ">
                        <div class="bottom-icon with-unit-price">
                            </div>
            
                    <div class="t1 with-unit-price ">
            <span class="value">0</span>
            <span class="cents">87</span>
            <span class="eur">€</span>
            <span class="unit-price">4.70 €/kg</span>
        </div>
            
    <span class="vline"></span>
</div>                    		
        
        
        <div class="tags tags_primary bottom_icons">
                            
                    </div>
        <div class="tags tags_primary info_icon">
            

        </div>

        <div class="info-notice">
            


                                                </div>

        <div class="img">
          <img alt="Tuncis smalcināts savā sulā OCEAN, 185 g" src="/uploads/sale/2024/sales_page/03/29//tuncis-smalcinats-sava-sula-ocean-00176-0121165018.png?1769007018">
        </div>
        <div class="text       ">
            <div class="title">Tuncis smalcināts savā sulā OCEAN, 185 g</div>
            <div class="pack">
                <span class="ptitle"></span>
                <span class="price"> 4.70 €/kg</span>
            </div>
                    </div>
        <div class="infopop">
            <div class="in"><span></span>
                <div class="arrow_top"></div>
                <div class="arrow_bottom"></div>
            </div>
        </div>
    </div>
</div><div class="col-third offer-item">
    <div class="item bl_shadow product-197832   offer-2-l-sp-sku units-price        " data-product-id="197832" data-timeout="323" data-dates-interval="06.10.2023. - 31.12.2026." tabindex="0" role="button">
                                                    <div class="discount price with-unit-price ">
                        <div class="bottom-icon with-unit-price">
                            </div>
            
                    <div class="t1 with-unit-price ">
            <span class="value">2</span>
            <span class="cents">19</span>
            <span class="eur">€</span>
            <span class="unit-price">7.30 €/kg</span>
        </div>
            
    <span class="vline"></span>
</div>                    		
        
        
        <div class="tags tags_primary bottom_icons">
                            
                    </div>
        <div class="tags tags_primary info_icon">
            

        </div>

        <div class="info-notice">
            


                                                </div>

        <div class="img">
          <img alt="Krabju garšas nūjiņas OCEAN, 300 g, atdzesētas" src="/uploads/sale/2024/sales_page/03/29//krabju-garsas-nujinas-ocean-00177-0121163020.png?1769005820">
        </div>
        <div class="text       ">
            <div class="title">Krabju garšas nūjiņas OCEAN, 300 g, atdzesētas</div>
            <div class="pack">
                <span class="ptitle"></span>
                <span class="price"> 7.30 €/kg</span>
            </div>
                    </div>
        <div class="infopop">
            <div class="in"><span></span>
                <div class="arrow_top"></div>
                <div class="arrow_bottom"></div>
            </div>
        </div>
    </div>
</div><div class="col-third offer-item">
    <div class="item bl_shadow product-197833   offer-2-l-sp-sku units-price        " data-product-id="197833" data-timeout="323" data-dates-interval="06.10.2023. - 31.12.2026." tabindex="0" role="button">
                                                    <div class="discount price with-unit-price ">
                        <div class="bottom-icon with-unit-price">
                            </div>
            
                    <div class="t1 with-unit-price ">
            <span class="value">0</span>
            <span class="cents">99</span>
            <span class="eur">€</span>
            <span class="unit-price">4.55 €/kg</span>
        </div>
            
    <span class="vline"></span>
</div>                    		
        
        
        <div class="tags tags_primary bottom_icons">
                            
                    </div>
        <div class="tags tags_primary info_icon">
            

        </div>

        <div class="info-notice">
            


                                                </div>

        <div class="img">
          <img alt="Siļķu fileja ar dūmu garšu eļļā OCEAN, 220 g" src="/uploads/sale/2024/sales_page/03/29//silku-fileja-ar-dumu-garsu-ella-ocean-00178-0121163020.png?1769005820">
        </div>
        <div class="text       ">
            <div class="title">Siļķu fileja ar dūmu garšu eļļā OCEAN, 220 g</div>
            <div class="pack">
                <span class="ptitle"></span>
                <span class="price"> 4.55 €/kg</span>
            </div>
                    </div>
        <div class="infopop">
            <div class="in"><span></span>
                <div class="arrow_top"></div>
                <div class="arrow_bottom"></div>
            </div>
        </div>
    </div>
</div><div class="col-third offer-item">
    <div class="item bl_shadow product-197794   offer-2-l-sp-sku units-price        " data-product-id="197794" data-timeout="323" data-dates-interval="06.10.2023. - 31.12.2026." tabindex="0" role="button">
                                                    <div class="discount price with-unit-price ">
                        <div class="bottom-icon with-unit-price">
                            </div>
            
                    <div class="t1 with-unit-price ">
            <span class="value">0</span>
            <span class="cents">99</span>
            <span class="eur">€</span>
            <span class="unit-price">6.43 €/kg</span>
        </div>
            
    <span class="vline"></span>
</div>                    		
        
        
        <div class="tags tags_primary bottom_icons">
                            
                    </div>
        <div class="tags tags_primary info_icon">
            

        </div>

        <div class="info-notice">
            


                                                </div>

        <div class="img">
          <img alt="Siļķu fileja eļļā Tradicionālā OCEAN, 220 g" src="/uploads/sale/2024/sales_page/03/29//silku-fileja-ella-tradicionala-ocean-00179-0121163018.png?1769005818">
        </div>
        <div class="text       ">
            <div class="title">Siļķu fileja eļļā Tradicionālā OCEAN, 220 g</div>
            <div class="pack">
                <span class="ptitle"></span>
                <span class="price"> 6.43 €/kg</span>
            </div>
                    </div>
        <div class="infopop">
            <div class="in"><span></span>
                <div class="arrow_top"></div>
                <div class="arrow_bottom"></div>
            </div>
        </div>
    </div>
</div><div class="col-third offer-item">
    <div class="item bl_shadow product-197795   offer-2-l-sp-sku units-price        " data-product-id="197795" data-timeout="323" data-dates-interval="06.10.2023. - 31.12.2026." tabindex="0" role="button">
                                                    <div class="discount price with-unit-price ">
                        <div class="bottom-icon with-unit-price">
                            </div>
            
                    <div class="t1 with-unit-price ">
            <span class="value">0</span>
            <span class="cents">99</span>
            <span class="eur">€</span>
            <span class="unit-price">4.55 €/kg</span>
        </div>
            
    <span class="vline"></span>
</div>                    		
        
        
        <div class="tags tags_primary bottom_icons">
                            
                    </div>
        <div class="tags tags_primary info_icon">
            

        </div>

        <div class="info-notice">
            


                                                </div>

        <div class="img">
          <img alt="Siļķu fileja mazsālīta eļļā ar garšvielām OCEAN, 220 g" src="/uploads/sale/2024/sales_page/03/29//silku-fileja-mazsalita-ella-ar-garsvielam-ocean-00180-0121163018.png?1769005818">
        </div>
        <div class="text       ">
            <div class="title">Siļķu fileja mazsālīta eļļā ar garšvielām OCEAN, 220 g</div>
            <div class="pack">
                <span class="ptitle"></span>
                <span class="price"> 4.55 €/kg</span>
            </div>
                    </div>
        <div class="infopop">
            <div class="in"><span></span>
                <div class="arrow_top"></div>
                <div class="arrow_bottom"></div>
            </div>
        </div>
    </div>
</div><div class="col-third offer-item">
    <div class="item bl_shadow product-197797   offer-2-l-sp-sku units-price        " data-product-id="197797" data-timeout="323" data-dates-interval="06.10.2023. - 31.12.2026." tabindex="0" role="button">
                                                    <div class="discount price with-unit-price ">
                        <div class="bottom-icon with-unit-price">
                            </div>
            
                    <div class="t1 with-unit-price ">
            <span class="value">0</span>
            <span class="cents">39</span>
            <span class="eur">€</span>
            <span class="unit-price">8.13 €/kg</span>
        </div>
            
    <span class="vline"></span>
</div>                    		
        
        
        <div class="tags tags_primary bottom_icons">
                            
                    </div>
        <div class="tags tags_primary info_icon">
            

        </div>

        <div class="info-notice">
            


                                                </div>

        <div class="img">
          <img alt="Sviesta kruasāns MANTINGA, 48 g" src="/uploads/sale/2024/sales_page/03/29//sviesta-kruasans-mantinga-00182-0121155524.png?1769003724">
        </div>
        <div class="text       ">
            <div class="title">Sviesta kruasāns MANTINGA, 48 g</div>
            <div class="pack">
                <span class="ptitle"></span>
                <span class="price"> 8.13 €/kg</span>
            </div>
                    </div>
        <div class="infopop">
            <div class="in"><span></span>
                <div class="arrow_top"></div>
                <div class="arrow_bottom"></div>
            </div>
        </div>
    </div>
</div><div class="col-third offer-item">
    <div class="item bl_shadow product-197798   offer-2-l-sp-sku units-price        " data-product-id="197798" data-timeout="323" data-dates-interval="31.05.2024. - 31.12.2026." tabindex="0" role="button">
                                                    <div class="discount price with-unit-price ">
                        <div class="bottom-icon with-unit-price">
                            </div>
            
                    <div class="t1 with-unit-price ">
            <span class="value">0</span>
            <span class="cents">74</span>
            <span class="eur">€</span>
            <span class="unit-price">4.63 €/kg</span>
        </div>
            
    <span class="vline"></span>
</div>                    		
        
        
        <div class="tags tags_primary bottom_icons">
                            
                    </div>
        <div class="tags tags_primary info_icon">
            

        </div>

        <div class="info-notice">
            


                                                </div>

        <div class="img">
          <img alt="Bagete Franču ar ķiploku sviestu, 160 g" src="/uploads/sale/2024/sales_page/03/29//bagete-francu-ar-kiploku-sviestu-00183-0121155524.png?1769003724">
        </div>
        <div class="text       ">
            <div class="title">Bagete Franču ar ķiploku sviestu, 160 g</div>
            <div class="pack">
                <span class="ptitle"></span>
                <span class="price"> 4.63 €/kg</span>
            </div>
                    </div>
        <div class="infopop">
            <div class="in"><span></span>
                <div class="arrow_top"></div>
                <div class="arrow_bottom"></div>
            </div>
        </div>
    </div>
</div><div class="col-third offer-item">
    <div class="item bl_shadow product-197799   offer-2-l-sp-sku units-price        " data-product-id="197799" data-timeout="323" data-dates-interval="06.10.2023. - 31.12.2026." tabindex="0" role="button">
                                                    <div class="discount price with-unit-price ">
                                                        <div class="bottom-icon with-unit-price">
                            </div>
            
                    <div class="t1 with-unit-price ">
            <span class="value">0</span>
            <span class="cents">79</span>
            <span class="eur">€</span>
            <span class="unit-price">1.32 €/kg</span>
        </div>
            
    <span class="vline"></span>
</div>                    		
        
        
        <div class="tags tags_primary bottom_icons">
                                                            
                                <div data-alt="Latvijas produkts" class="tag tag-soap-6 " style="background-image: url('/uploads/sale/latvijas-produkts-3559.png');                     ">
                </div>
                                            
                    </div>
        <div class="tags tags_primary info_icon">
            

        </div>

        <div class="info-notice">
            


                                                                            </div>

        <div class="img">
          <img alt="Formas maize MANA MAIZE, 600 g" src="/uploads/sale/2024/sales_page/03/29//formas-maize-mana-maize-00184-0121155524.png?1769003724">
        </div>
        <div class="text       ">
            <div class="title">Formas maize MANA MAIZE, 600 g</div>
            <div class="pack">
                <span class="ptitle"></span>
                <span class="price"> 1.32 €/kg</span>
            </div>
                    </div>
        <div class="infopop">
            <div class="in"><span></span>
                <div class="arrow_top"></div>
                <div class="arrow_bottom"></div>
            </div>
        </div>
    </div>
</div><div class="col-third offer-item">
    <div class="item bl_shadow product-197800   offer-2-l-sp-sku units-price        " data-product-id="197800" data-timeout="323" data-dates-interval="06.10.2023. - 31.12.2026." tabindex="0" role="button">
                                                    <div class="discount price with-unit-price ">
                                                        <div class="bottom-icon with-unit-price">
                            </div>
            
                    <div class="t1 with-unit-price ">
            <span class="value">0</span>
            <span class="cents">99</span>
            <span class="eur">€</span>
            <span class="unit-price">1.24 €/kg</span>
        </div>
            
    <span class="vline"></span>
</div>                    		
        
        
        <div class="tags tags_primary bottom_icons">
                                                            
                                <div data-alt="Latvijas produkts" class="tag tag-soap-6 " style="background-image: url('/uploads/sale/latvijas-produkts-3559.png');                     ">
                </div>
                                            
                    </div>
        <div class="tags tags_primary info_icon">
            

        </div>

        <div class="info-notice">
            


                                                                            </div>

        <div class="img">
          <img alt="Saldskābā maize MANA MAIZE, 800 g" src="/uploads/sale/2024/sales_page/03/29//saldskaba-maize-mana-maize-00185-0121155524.png?1769003724">
        </div>
        <div class="text       ">
            <div class="title">Saldskābā maize MANA MAIZE, 800 g</div>
            <div class="pack">
                <span class="ptitle"></span>
                <span class="price"> 1.24 €/kg</span>
            </div>
                    </div>
        <div class="infopop">
            <div class="in"><span></span>
                <div class="arrow_top"></div>
                <div class="arrow_bottom"></div>
            </div>
        </div>
    </div>
</div><div class="col-third offer-item">
    <div class="item bl_shadow product-197853   offer-2-l-sp-sku units-price        " data-product-id="197853" data-timeout="323" data-dates-interval="06.10.2023. - 31.12.2026." tabindex="0" role="button">
                                                    <div class="discount price with-unit-price ">
                        <div class="bottom-icon with-unit-price">
                            </div>
            
                    <div class="t1 with-unit-price ">
            <span class="value">1</span>
            <span class="cents">49</span>
            <span class="eur">€</span>
            <span class="unit-price">1.20 €/kg</span>
        </div>
            
    <span class="vline"></span>
</div>                    		
        
        
        <div class="tags tags_primary bottom_icons">
                            
                    </div>
        <div class="tags tags_primary info_icon">
            

        </div>

        <div class="info-notice">
            


                                                </div>

        <div class="img">
          <img alt="Konservēta suņu barība HAPPY TAILS liellopa, 1,25 kg" src="/uploads/sale/2024/sales_page/03/29//konserveta-sunu-bariba-happy-tails-liellopa-00248-0121155522.png?1769003722">
        </div>
        <div class="text       ">
            <div class="title">Konservēta suņu barība HAPPY TAILS liellopa, 1,25 kg</div>
            <div class="pack">
                <span class="ptitle"></span>
                <span class="price"> 1.20 €/kg</span>
            </div>
                    </div>
        <div class="infopop">
            <div class="in"><span></span>
                <div class="arrow_top"></div>
                <div class="arrow_bottom"></div>
            </div>
        </div>
    </div>
</div><div class="col-third offer-item">
    <div class="item bl_shadow product-197854   offer-2-l-sp-sku units-price        " data-product-id="197854" data-timeout="323" data-dates-interval="06.10.2023. - 31.12.2026." tabindex="0" role="button">
                                                    <div class="discount price with-unit-price ">
                        <div class="bottom-icon with-unit-price">
                            </div>
            
                    <div class="t1 with-unit-price ">
            <span class="value">1</span>
            <span class="cents">49</span>
            <span class="eur">€</span>
            <span class="unit-price">1.20 €/kg</span>
        </div>
            
    <span class="vline"></span>
</div>                    		
        
        
        <div class="tags tags_primary bottom_icons">
                            
                    </div>
        <div class="tags tags_primary info_icon">
            

        </div>

        <div class="info-notice">
            


                                                </div>

        <div class="img">
          <img alt="Konservēta suņu barība HAPPY TAILS mājputnu, 1,25 kg" src="/uploads/sale/2024/sales_page/03/29//konserveta-sunu-bariba-happy-tails-majputnu-00249-0121155520.png?1769003720">
        </div>
        <div class="text       ">
            <div class="title">Konservēta suņu barība HAPPY TAILS mājputnu, 1,25 kg</div>
            <div class="pack">
                <span class="ptitle"></span>
                <span class="price"> 1.20 €/kg</span>
            </div>
                    </div>
        <div class="infopop">
            <div class="in"><span></span>
                <div class="arrow_top"></div>
                <div class="arrow_bottom"></div>
            </div>
        </div>
    </div>
</div><div class="col-third offer-item">
    <div class="item bl_shadow product-197857   offer-2-l-sp-sku units-price        " data-product-id="197857" data-timeout="323" data-dates-interval="06.10.2023. - 31.12.2026." tabindex="0" role="button">
                                                    <div class="discount price with-unit-price ">
                        <div class="bottom-icon with-unit-price">
                            </div>
            
                    <div class="t1 with-unit-price ">
            <span class="value">2</span>
            <span class="cents">33</span>
            <span class="eur">€</span>
            <span class="unit-price">1.17 €/l</span>
        </div>
            
    <span class="vline"></span>
</div>                    		
        
        
        <div class="tags tags_primary bottom_icons">
                            
                    </div>
        <div class="tags tags_primary info_icon">
            

        </div>

        <div class="info-notice">
            


                                                </div>

        <div class="img">
          <img alt="Veļas mazgāšans līdzeklis HELPER Color, 2 l, 33 m.r." src="/uploads/sale/2024/sales_page/03/29//velas-mazgasans-lidzeklis-helper-color-00252-0121163520.png?1769006120">
        </div>
        <div class="text       ">
            <div class="title">Veļas mazgāšans līdzeklis HELPER Color, 2 l, 33 m.r.</div>
            <div class="pack">
                <span class="ptitle"></span>
                <span class="price"> 1.17 €/l</span>
            </div>
                    </div>
        <div class="infopop">
            <div class="in"><span></span>
                <div class="arrow_top"></div>
                <div class="arrow_bottom"></div>
            </div>
        </div>
    </div>
</div><div class="col-third offer-item">
    <div class="item bl_shadow product-197858   offer-2-l-sp-sku units-price        " data-product-id="197858" data-timeout="323" data-dates-interval="13.06.2024. - 31.12.2026." tabindex="0" role="button">
                                                    <div class="discount price with-unit-price ">
                        <div class="bottom-icon with-unit-price">
                            </div>
            
                    <div class="t1 with-unit-price ">
            <span class="value">2</span>
            <span class="cents">33</span>
            <span class="eur">€</span>
            <span class="unit-price">1.17 €/l</span>
        </div>
            
    <span class="vline"></span>
</div>                    		
        
        
        <div class="tags tags_primary bottom_icons">
                            
                    </div>
        <div class="tags tags_primary info_icon">
            

        </div>

        <div class="info-notice">
            


                                                </div>

        <div class="img">
          <img alt="Veļas mazgāšanas līdzeklis HELPER Sensitive Color, 2 l, 33 m.r." src="/uploads/sale/2024/sales_page/03/29//velas-mazgasanas-lidzeklis-helper-sensitive-color-00253-0121163520.png?1769006120">
        </div>
        <div class="text       ">
            <div class="title">Veļas mazgāšanas līdzeklis HELPER Sensitive Color, 2 l, 33 m.r.</div>
            <div class="pack">
                <span class="ptitle"></span>
                <span class="price"> 1.17 €/l</span>
            </div>
                    </div>
        <div class="infopop">
            <div class="in"><span></span>
                <div class="arrow_top"></div>
                <div class="arrow_bottom"></div>
            </div>
        </div>
    </div>
</div><div class="col-third offer-item">
    <div class="item bl_shadow product-197753   offer-2-l-sp-sku units-price        " data-product-id="197753" data-timeout="323" data-dates-interval="28.05.2024. - 31.12.2026." tabindex="0" role="button">
                                                    <div class="discount price with-unit-price ">
                        <div class="bottom-icon with-unit-price">
                            </div>
            
                    <div class="t1 with-unit-price ">
            <span class="value">1</span>
            <span class="cents">19</span>
            <span class="eur">€</span>
            <span class="unit-price">2,38 €/l</span>
        </div>
            
    <span class="vline"></span>
</div>                    		
        
        
        <div class="tags tags_primary bottom_icons">
                            
                    </div>
        <div class="tags tags_primary info_icon">
            

        </div>

        <div class="info-notice">
            


                                                </div>

        <div class="img">
          <img alt="Trauku mazgāšanas līdzeklis HELPER Apple, 500 ml" src="/uploads/sale/2024/sales_page/03/29//trauku-mazgasanas-lidzeklis-helper-apple-00254-0121163518.png?1769006118">
        </div>
        <div class="text       ">
            <div class="title">Trauku mazgāšanas līdzeklis HELPER Apple, 500 ml</div>
            <div class="pack">
                <span class="ptitle"></span>
                <span class="price"> 2,38 €/l</span>
            </div>
                    </div>
        <div class="infopop">
            <div class="in"><span></span>
                <div class="arrow_top"></div>
                <div class="arrow_bottom"></div>
            </div>
        </div>
    </div>
</div><div class="col-third offer-item">
    <div class="item bl_shadow product-197754   offer-2-l-sp-sku units-price        " data-product-id="197754" data-timeout="323" data-dates-interval="06.10.2023. - 31.12.2026." tabindex="0" role="button">
                                                    <div class="discount price with-unit-price ">
                        <div class="bottom-icon with-unit-price">
                            </div>
            
                    <div class="t1 with-unit-price ">
            <span class="value">3</span>
            <span class="cents">98</span>
            <span class="eur">€</span>
            <span class="unit-price">.</span>
        </div>
            
    <span class="vline"></span>
</div>                    		
        
        
        <div class="tags tags_primary bottom_icons">
                            
                    </div>
        <div class="tags tags_primary info_icon">
            

        </div>

        <div class="info-notice">
            


                                                </div>

        <div class="img">
          <img alt="Veļas mazgāšanas kapsulas HELPER, 20 gab, whites+color" src="/uploads/sale/2024/sales_page/03/29//velas-mazgasanas-kapsulas-helper-00255-0121162019.png?1769005219">
        </div>
        <div class="text       ">
            <div class="title">Veļas mazgāšanas kapsulas HELPER, 20 gab, whites+color</div>
            <div class="pack">
                <span class="ptitle"></span>
                <span class="price"> .</span>
            </div>
                    </div>
        <div class="infopop">
            <div class="in"><span></span>
                <div class="arrow_top"></div>
                <div class="arrow_bottom"></div>
            </div>
        </div>
    </div>
</div><div class="col-third offer-item">
    <div class="item bl_shadow product-205721   offer-2-l-sp-sku units-price        " data-product-id="205721" data-timeout="323" data-dates-interval="08.08.2024. - 31.12.2026." tabindex="0" role="button">
                                                    <div class="discount price with-unit-price ">
    
                    <div class="t1 with-unit-price ">
            <span class="value">0</span>
            <span class="cents">42</span>
            <span class="eur">€</span>
            <span class="unit-price">0.42 €/l</span>
        </div>
            
    <span class="vline"></span>
</div>                    		
        
        
        <div class="tags tags_primary bottom_icons">
            
                    </div>
        <div class="tags tags_primary info_icon">
            

        </div>

        <div class="info-notice">
            


                    </div>

        <div class="img">
          <img alt="Pārtikas etiķskābe EXTRA LINE 9%, 1 l" src="/uploads/sale/2024/sales_page/08/09//partikas-etikskabe-extra-line-9-00276-0121155520.png?1769003720">
        </div>
        <div class="text       ">
            <div class="title">Pārtikas etiķskābe EXTRA LINE 9%, 1 l</div>
            <div class="pack">
                <span class="ptitle"></span>
                <span class="price"> </span>
            </div>
                    </div>
        <div class="infopop">
            <div class="in"><span></span>
                <div class="arrow_top"></div>
                <div class="arrow_bottom"></div>
            </div>
        </div>
    </div>
</div><div class="col-third offer-item">
    <div class="item bl_shadow product-205722   offer-2-l-sp-sku units-price        " data-product-id="205722" data-timeout="323" data-dates-interval="08.08.2024. - 31.12.2026." tabindex="0" role="button">
                                                    <div class="discount price with-unit-price ">
    
                    <div class="t1 with-unit-price ">
            <span class="value">0</span>
            <span class="cents">69</span>
            <span class="eur">€</span>
            <span class="unit-price">1.73 €/kg</span>
        </div>
            
    <span class="vline"></span>
</div>                    		
        
        
        <div class="tags tags_primary bottom_icons">
            
                    </div>
        <div class="tags tags_primary info_icon">
            

        </div>

        <div class="info-notice">
            


                    </div>

        <div class="img">
          <img alt="Ceptas pupiņas tom.mērcē EXTRA LINE, 400g" src="/uploads/sale/2024/sales_page/08/09//ceptas-pupinas-tom-merce-extra-line-00277-0121164026.png?1769006426">
        </div>
        <div class="text       ">
            <div class="title">Ceptas pupiņas tom.mērcē EXTRA LINE, 400g</div>
            <div class="pack">
                <span class="ptitle"></span>
                <span class="price"> </span>
            </div>
                    </div>
        <div class="infopop">
            <div class="in"><span></span>
                <div class="arrow_top"></div>
                <div class="arrow_bottom"></div>
            </div>
        </div>
    </div>
</div><div class="col-third offer-item">
    <div class="item bl_shadow product-205723   offer-2-l-sp-sku units-price        " data-product-id="205723" data-timeout="323" data-dates-interval="08.08.2024. - 31.12.2026." tabindex="0" role="button">
                                                    <div class="discount price with-unit-price ">
    
                    <div class="t1 with-unit-price ">
            <span class="value">1</span>
            <span class="cents">69</span>
            <span class="eur">€</span>
            <span class="unit-price">3.51 €/kg</span>
        </div>
                    <div class="t2">
                <span class="value">1,69</span>
                <span class="eur">€</span>
            </div>
            <div class="t3 ">
                <span class="value">1</span>
                <span class="cents">69</span>
                <span class="eur">€</span>
                            </div>
            
    <span class="vline"></span>
</div>                    		
        
        
        <div class="tags tags_primary bottom_icons">
            
                    </div>
        <div class="tags tags_primary info_icon">
            

        </div>

        <div class="info-notice">
            


                    </div>

        <div class="img">
          <img alt="Skābētu gurķu zupa EXTRA LINE, 480g" src="/uploads/sale/2024/sales_page/08/09//skabetu-gurku-zupa-extra-line-00278-0121162019.png?1769005219">
        </div>
        <div class="text       ">
            <div class="title">Skābētu gurķu zupa EXTRA LINE, 480g</div>
            <div class="pack">
                <span class="ptitle"></span>
                <span class="price"> </span>
            </div>
                    </div>
        <div class="infopop">
            <div class="in"><span></span>
                <div class="arrow_top"></div>
                <div class="arrow_bottom"></div>
            </div>
        </div>
    </div>
</div><div class="col-third offer-item">
    <div class="item bl_shadow product-205726   offer-2-l-sp-sku units-price        " data-product-id="205726" data-timeout="323" data-dates-interval="08.08.2024. - 31.12.2026." tabindex="0" role="button">
                                                    <div class="discount price with-unit-price ">
    
                    <div class="t1 with-unit-price ">
            <span class="value">0</span>
            <span class="cents">75</span>
            <span class="eur">€</span>
            <span class="unit-price">4.56 €/kg</span>
        </div>
            
    <span class="vline"></span>
</div>                    		
        
        
        <div class="tags tags_primary bottom_icons">
            
                    </div>
        <div class="tags tags_primary info_icon">
            

        </div>

        <div class="info-notice">
            


                    </div>

        <div class="img">
          <img alt="Mārrutki rīvēti EXTRA LINE, 160 g" src="/uploads/sale/2024/sales_page/08/09//marrutki-riveti-extra-line-00281-0121165018.png?1769007018">
        </div>
        <div class="text       ">
            <div class="title">Mārrutki rīvēti EXTRA LINE, 160 g</div>
            <div class="pack">
                <span class="ptitle"></span>
                <span class="price"> </span>
            </div>
                    </div>
        <div class="infopop">
            <div class="in"><span></span>
                <div class="arrow_top"></div>
                <div class="arrow_bottom"></div>
            </div>
        </div>
    </div>
</div><div class="col-third offer-item">
    <div class="item bl_shadow product-205728   offer-2-l-sp-sku units-price        " data-product-id="205728" data-timeout="323" data-dates-interval="08.08.2024. - 31.12.2026." tabindex="0" role="button">
                                                    <div class="discount price with-unit-price ">
    
                    <div class="t1 with-unit-price ">
            <span class="value">1</span>
            <span class="cents">39</span>
            <span class="eur">€</span>
            <span class="unit-price">2.78 €/kg</span>
        </div>
            
    <span class="vline"></span>
</div>                    		
        
        
        <div class="tags tags_primary bottom_icons">
            
                    </div>
        <div class="tags tags_primary info_icon">
            

        </div>

        <div class="info-notice">
            


                    </div>

        <div class="img">
          <img alt="Asā tomātu mērce EXTRA LINE, 500 g" src="/uploads/sale/2024/sales_page/08/09//asa-tomatu-merce-extra-line-00283-0121164028.png?1769006428">
        </div>
        <div class="text       ">
            <div class="title">Asā tomātu mērce EXTRA LINE, 500 g</div>
            <div class="pack">
                <span class="ptitle"></span>
                <span class="price"> </span>
            </div>
                    </div>
        <div class="infopop">
            <div class="in"><span></span>
                <div class="arrow_top"></div>
                <div class="arrow_bottom"></div>
            </div>
        </div>
    </div>
</div><div class="col-third offer-item">
    <div class="item bl_shadow product-205729   offer-2-l-sp-sku units-price        " data-product-id="205729" data-timeout="323" data-dates-interval="08.08.2024. - 31.12.2026." tabindex="0" role="button">
                                                    <div class="discount price with-unit-price ">
    
                    <div class="t1 with-unit-price ">
            <span class="value">1</span>
            <span class="cents">39</span>
            <span class="eur">€</span>
            <span class="unit-price">2.78 €/kg</span>
        </div>
            
    <span class="vline"></span>
</div>                    		
        
        
        <div class="tags tags_primary bottom_icons">
            
                    </div>
        <div class="tags tags_primary info_icon">
            

        </div>

        <div class="info-notice">
            


                    </div>

        <div class="img">
          <img alt="Klasiskā tomātu mērce EXTRA LINE, 500 g" src="/uploads/sale/2024/sales_page/08/09//klasiska-tomatu-merce-extra-line-00284-0121164028.png?1769006428">
        </div>
        <div class="text       ">
            <div class="title">Klasiskā tomātu mērce EXTRA LINE, 500 g</div>
            <div class="pack">
                <span class="ptitle"></span>
                <span class="price"> </span>
            </div>
                    </div>
        <div class="infopop">
            <div class="in"><span></span>
                <div class="arrow_top"></div>
                <div class="arrow_bottom"></div>
            </div>
        </div>
    </div>
</div><div class="col-third offer-item">
    <div class="item bl_shadow product-205730   offer-2-l-sp-sku units-price        " data-product-id="205730" data-timeout="323" data-dates-interval="08.08.2024. - 31.12.2026." tabindex="0" role="button">
                                                    <div class="discount price with-unit-price ">
    
                    <div class="t1 with-unit-price ">
            <span class="value">0</span>
            <span class="cents">55</span>
            <span class="eur">€</span>
            <span class="unit-price">3.06 €/kg</span>
        </div>
            
    <span class="vline"></span>
</div>                    		
        
        
        <div class="tags tags_primary bottom_icons">
            
                    </div>
        <div class="tags tags_primary info_icon">
            

        </div>

        <div class="info-notice">
            


                    </div>

        <div class="img">
          <img alt="Zaļās olīvas bez kauliņ. EXTRA LINE, 180 g" src="/uploads/sale/2024/sales_page/08/09//zalas-olivas-bez-kaulin-extra-line-00285-0121155520.png?1769003720">
        </div>
        <div class="text       ">
            <div class="title">Zaļās olīvas bez kauliņ. EXTRA LINE, 180 g</div>
            <div class="pack">
                <span class="ptitle"></span>
                <span class="price"> </span>
            </div>
                    </div>
        <div class="infopop">
            <div class="in"><span></span>
                <div class="arrow_top"></div>
                <div class="arrow_bottom"></div>
            </div>
        </div>
    </div>
</div><div class="col-third offer-item">
    <div class="item bl_shadow product-205716   offer-2-l-sp-sku units-price        " data-product-id="205716" data-timeout="323" data-dates-interval="08.08.2024. - 31.12.2026." tabindex="0" role="button">
                                                    <div class="discount price with-unit-price ">
    
                    <div class="t1 with-unit-price ">
            <span class="value">1</span>
            <span class="cents">28</span>
            <span class="eur">€</span>
            <span class="unit-price">2.67 €/kg</span>
        </div>
            
    <span class="vline"></span>
</div>                    		
        
        
        <div class="tags tags_primary bottom_icons">
            
                    </div>
        <div class="tags tags_primary info_icon">
            

        </div>

        <div class="info-notice">
            


                    </div>

        <div class="img">
          <img alt="Klasiskais kečups EXTRA LINE, 480 g" src="/uploads/sale/2024/sales_page/08/09//klasiskais-kecups-extra-line-00286-0121163018.png?1769005818">
        </div>
        <div class="text       ">
            <div class="title">Klasiskais kečups EXTRA LINE, 480 g</div>
            <div class="pack">
                <span class="ptitle"></span>
                <span class="price"> </span>
            </div>
                    </div>
        <div class="infopop">
            <div class="in"><span></span>
                <div class="arrow_top"></div>
                <div class="arrow_bottom"></div>
            </div>
        </div>
    </div>
</div><div class="col-third offer-item">
    <div class="item bl_shadow product-205717   offer-2-l-sp-sku units-price        " data-product-id="205717" data-timeout="323" data-dates-interval="08.08.2024. - 31.12.2026." tabindex="0" role="button">
                                                    <div class="discount price with-unit-price ">
    
                    <div class="t1 with-unit-price ">
            <span class="value">1</span>
            <span class="cents">65</span>
            <span class="eur">€</span>
            <span class="unit-price">3.44 €/kg</span>
        </div>
            
    <span class="vline"></span>
</div>                    		
        
        
        <div class="tags tags_primary bottom_icons">
            
                    </div>
        <div class="tags tags_primary info_icon">
            

        </div>

        <div class="info-notice">
            


                    </div>

        <div class="img">
          <img alt="Pikantais kečups EXTRA LINE, 481 g" src="/uploads/sale/2024/sales_page/08/09//pikantais-kecups-extra-line-00287-0121160021.png?1769004021">
        </div>
        <div class="text       ">
            <div class="title">Pikantais kečups EXTRA LINE, 481 g</div>
            <div class="pack">
                <span class="ptitle"></span>
                <span class="price"> </span>
            </div>
                    </div>
        <div class="infopop">
            <div class="in"><span></span>
                <div class="arrow_top"></div>
                <div class="arrow_bottom"></div>
            </div>
        </div>
    </div>
</div><div class="col-third offer-item">
    <div class="item bl_shadow product-197853   offer-2-l-sp-sku units-price        " data-product-id="197853" data-timeout="323" data-dates-interval="06.10.2023. - 31.12.2026." tabindex="0" role="button">
                                                    <div class="discount price with-unit-price ">
                        <div class="bottom-icon with-unit-price">
                            </div>
            
                    <div class="t1 with-unit-price ">
            <span class="value">1</span>
            <span class="cents">49</span>
            <span class="eur">€</span>
            <span class="unit-price">1.20 €/kg</span>
        </div>
            
    <span class="vline"></span>
</div>                    		
        
        
        <div class="tags tags_primary bottom_icons">
                            
                    </div>
        <div class="tags tags_primary info_icon">
            

        </div>

        <div class="info-notice">
            


                                                </div>

        <div class="img">
          <img alt="Konservēta suņu barība HAPPY TAILS liellopa, 1,25 kg" src="/uploads/sale/2024/sales_page/03/29//konserveta-sunu-bariba-happy-tails-liellopa-00248-0121155522.png?1769003722">
        </div>
        <div class="text       ">
            <div class="title">Konservēta suņu barība HAPPY TAILS liellopa, 1,25 kg</div>
            <div class="pack">
                <span class="ptitle"></span>
                <span class="price"> 1.20 €/kg</span>
            </div>
                    </div>
        <div class="infopop">
            <div class="in"><span></span>
                <div class="arrow_top"></div>
                <div class="arrow_bottom"></div>
            </div>
        </div>
    </div>
</div><div class="col-third offer-item">
    <div class="item bl_shadow product-197854   offer-2-l-sp-sku units-price        " data-product-id="197854" data-timeout="323" data-dates-interval="06.10.2023. - 31.12.2026." tabindex="0" role="button">
                                                    <div class="discount price with-unit-price ">
                        <div class="bottom-icon with-unit-price">
                            </div>
            
                    <div class="t1 with-unit-price ">
            <span class="value">1</span>
            <span class="cents">49</span>
            <span class="eur">€</span>
            <span class="unit-price">1.20 €/kg</span>
        </div>
            
    <span class="vline"></span>
</div>                    		
        
        
        <div class="tags tags_primary bottom_icons">
                            
                    </div>
        <div class="tags tags_primary info_icon">
            

        </div>

        <div class="info-notice">
            


                                                </div>

        <div class="img">
          <img alt="Konservēta suņu barība HAPPY TAILS mājputnu, 1,25 kg" src="/uploads/sale/2024/sales_page/03/29//konserveta-sunu-bariba-happy-tails-majputnu-00249-0121155520.png?1769003720">
        </div>
        <div class="text       ">
            <div class="title">Konservēta suņu barība HAPPY TAILS mājputnu, 1,25 kg</div>
            <div class="pack">
                <span class="ptitle"></span>
                <span class="price"> 1.20 €/kg</span>
            </div>
                    </div>
        <div class="infopop">
            <div class="in"><span></span>
                <div class="arrow_top"></div>
                <div class="arrow_bottom"></div>
            </div>
        </div>
    </div>
</div><div class="col-third offer-item">
    <div class="item bl_shadow product-197857   offer-2-l-sp-sku units-price        " data-product-id="197857" data-timeout="323" data-dates-interval="06.10.2023. - 31.12.2026." tabindex="0" role="button">
                                                    <div class="discount price with-unit-price ">
                        <div class="bottom-icon with-unit-price">
                            </div>
            
                    <div class="t1 with-unit-price ">
            <span class="value">2</span>
            <span class="cents">33</span>
            <span class="eur">€</span>
            <span class="unit-price">1.17 €/l</span>
        </div>
            
    <span class="vline"></span>
</div>                    		
        
        
        <div class="tags tags_primary bottom_icons">
                            
                    </div>
        <div class="tags tags_primary info_icon">
            

        </div>

        <div class="info-notice">
            


                                                </div>

        <div class="img">
          <img alt="Veļas mazgāšans līdzeklis HELPER Color, 2 l, 33 m.r." src="/uploads/sale/2024/sales_page/03/29//velas-mazgasans-lidzeklis-helper-color-00252-0121163520.png?1769006120">
        </div>
        <div class="text       ">
            <div class="title">Veļas mazgāšans līdzeklis HELPER Color, 2 l, 33 m.r.</div>
            <div class="pack">
                <span class="ptitle"></span>
                <span class="price"> 1.17 €/l</span>
            </div>
                    </div>
        <div class="infopop">
            <div class="in"><span></span>
                <div class="arrow_top"></div>
                <div class="arrow_bottom"></div>
            </div>
        </div>
    </div>
</div><div class="col-third offer-item">
    <div class="item bl_shadow product-197858   offer-2-l-sp-sku units-price        " data-product-id="197858" data-timeout="323" data-dates-interval="13.06.2024. - 31.12.2026." tabindex="0" role="button">
                                                    <div class="discount price with-unit-price ">
                        <div class="bottom-icon with-unit-price">
                            </div>
            
                    <div class="t1 with-unit-price ">
            <span class="value">2</span>
            <span class="cents">33</span>
            <span class="eur">€</span>
            <span class="unit-price">1.17 €/l</span>
        </div>
            
    <span class="vline"></span>
</div>                    		
        
        
        <div class="tags tags_primary bottom_icons">
                            
                    </div>
        <div class="tags tags_primary info_icon">
            

        </div>

        <div class="info-notice">
            


                                                </div>

        <div class="img">
          <img alt="Veļas mazgāšanas līdzeklis HELPER Sensitive Color, 2 l, 33 m.r." src="/uploads/sale/2024/sales_page/03/29//velas-mazgasanas-lidzeklis-helper-sensitive-color-00253-0121163520.png?1769006120">
        </div>
        <div class="text       ">
            <div class="title">Veļas mazgāšanas līdzeklis HELPER Sensitive Color, 2 l, 33 m.r.</div>
            <div class="pack">
                <span class="ptitle"></span>
                <span class="price"> 1.17 €/l</span>
            </div>
                    </div>
        <div class="infopop">
            <div class="in"><span></span>
                <div class="arrow_top"></div>
                <div class="arrow_bottom"></div>
            </div>
        </div>
    </div>
</div><div class="col-third offer-item">
    <div class="item bl_shadow product-197753   offer-2-l-sp-sku units-price        " data-product-id="197753" data-timeout="323" data-dates-interval="28.05.2024. - 31.12.2026." tabindex="0" role="button">
                                                    <div class="discount price with-unit-price ">
                        <div class="bottom-icon with-unit-price">
                            </div>
            
                    <div class="t1 with-unit-price ">
            <span class="value">1</span>
            <span class="cents">19</span>
            <span class="eur">€</span>
            <span class="unit-price">2,38 €/l</span>
        </div>
            
    <span class="vline"></span>
</div>                    		
        
        
        <div class="tags tags_primary bottom_icons">
                            
                    </div>
        <div class="tags tags_primary info_icon">
            

        </div>

        <div class="info-notice">
            


                                                </div>

        <div class="img">
          <img alt="Trauku mazgāšanas līdzeklis HELPER Apple, 500 ml" src="/uploads/sale/2024/sales_page/03/29//trauku-mazgasanas-lidzeklis-helper-apple-00254-0121163518.png?1769006118">
        </div>
        <div class="text       ">
            <div class="title">Trauku mazgāšanas līdzeklis HELPER Apple, 500 ml</div>
            <div class="pack">
                <span class="ptitle"></span>
                <span class="price"> 2,38 €/l</span>
            </div>
                    </div>
        <div class="infopop">
            <div class="in"><span></span>
                <div class="arrow_top"></div>
                <div class="arrow_bottom"></div>
            </div>
        </div>
    </div>
</div><div class="col-third offer-item">
    <div class="item bl_shadow product-197754   offer-2-l-sp-sku units-price        " data-product-id="197754" data-timeout="323" data-dates-interval="06.10.2023. - 31.12.2026." tabindex="0" role="button">
                                                    <div class="discount price with-unit-price ">
                        <div class="bottom-icon with-unit-price">
                            </div>
            
                    <div class="t1 with-unit-price ">
            <span class="value">3</span>
            <span class="cents">98</span>
            <span class="eur">€</span>
            <span class="unit-price">.</span>
        </div>
            
    <span class="vline"></span>
</div>                    		
        
        
        <div class="tags tags_primary bottom_icons">
                            
                    </div>
        <div class="tags tags_primary info_icon">
            

        </div>

        <div class="info-notice">
            


                                                </div>

        <div class="img">
          <img alt="Veļas mazgāšanas kapsulas HELPER, 20 gab, whites+color" src="/uploads/sale/2024/sales_page/03/29//velas-mazgasanas-kapsulas-helper-00255-0121162019.png?1769005219">
        </div>
        <div class="text       ">
            <div class="title">Veļas mazgāšanas kapsulas HELPER, 20 gab, whites+color</div>
            <div class="pack">
                <span class="ptitle"></span>
                <span class="price"> .</span>
            </div>
                    </div>
        <div class="infopop">
            <div class="in"><span></span>
                <div class="arrow_top"></div>
                <div class="arrow_bottom"></div>
            </div>
        </div>
    </div>
</div><div class="col-third offer-item">
    <div class="item bl_shadow product-205721   offer-2-l-sp-sku units-price        " data-product-id="205721" data-timeout="323" data-dates-interval="08.08.2024. - 31.12.2026." tabindex="0" role="button">
                                                    <div class="discount price with-unit-price ">
    
                    <div class="t1 with-unit-price ">
            <span class="value">0</span>
            <span class="cents">42</span>
            <span class="eur">€</span>
            <span class="unit-price">0.42 €/l</span>
        </div>
            
    <span class="vline"></span>
</div>                    		
        
        
        <div class="tags tags_primary bottom_icons">
            
                    </div>
        <div class="tags tags_primary info_icon">
            

        </div>

        <div class="info-notice">
            


                    </div>

        <div class="img">
          <img alt="Pārtikas etiķskābe EXTRA LINE 9%, 1 l" src="/uploads/sale/2024/sales_page/08/09//partikas-etikskabe-extra-line-9-00276-0121155520.png?1769003720">
        </div>
        <div class="text       ">
            <div class="title">Pārtikas etiķskābe EXTRA LINE 9%, 1 l</div>
            <div class="pack">
                <span class="ptitle"></span>
                <span class="price"> </span>
            </div>
                    </div>
        <div class="infopop">
            <div class="in"><span></span>
                <div class="arrow_top"></div>
                <div class="arrow_bottom"></div>
            </div>
        </div>
    </div>
</div><div class="col-third offer-item">
    <div class="item bl_shadow product-205722   offer-2-l-sp-sku units-price        " data-product-id="205722" data-timeout="323" data-dates-interval="08.08.2024. - 31.12.2026." tabindex="0" role="button">
                                                    <div class="discount price with-unit-price ">
    
                    <div class="t1 with-unit-price ">
            <span class="value">0</span>
            <span class="cents">69</span>
            <span class="eur">€</span>
            <span class="unit-price">1.73 €/kg</span>
        </div>
            
    <span class="vline"></span>
</div>                    		
        
        
        <div class="tags tags_primary bottom_icons">
            
                    </div>
        <div class="tags tags_primary info_icon">
            

        </div>

        <div class="info-notice">
            


                    </div>

        <div class="img">
          <img alt="Ceptas pupiņas tom.mērcē EXTRA LINE, 400g" src="/uploads/sale/2024/sales_page/08/09//ceptas-pupinas-tom-merce-extra-line-00277-0121164026.png?1769006426">
        </div>
        <div class="text       ">
            <div class="title">Ceptas pupiņas tom.mērcē EXTRA LINE, 400g</div>
            <div class="pack">
                <span class="ptitle"></span>
                <span class="price"> </span>
            </div>
                    </div>
        <div class="infopop">
            <div class="in"><span></span>
                <div class="arrow_top"></div>
                <div class="arrow_bottom"></div>
            </div>
        </div>
    </div>
</div><div class="col-third offer-item">
    <div class="item bl_shadow product-205723   offer-2-l-sp-sku units-price        " data-product-id="205723" data-timeout="323" data-dates-interval="08.08.2024. - 31.12.2026." tabindex="0" role="button">
                                                    <div class="discount price with-unit-price ">
    
                    <div class="t1 with-unit-price ">
            <span class="value">1</span>
            <span class="cents">69</span>
            <span class="eur">€</span>
            <span class="unit-price">3.51 €/kg</span>
        </div>
                    <div class="t2">
                <span class="value">1,69</span>
                <span class="eur">€</span>
            </div>
            <div class="t3 ">
                <span class="value">1</span>
                <span class="cents">69</span>
                <span class="eur">€</span>
                            </div>
            
    <span class="vline"></span>
</div>                    		
        
        
        <div class="tags tags_primary bottom_icons">
            
                    </div>
        <div class="tags tags_primary info_icon">
            

        </div>

        <div class="info-notice">
            


                    </div>

        <div class="img">
          <img alt="Skābētu gurķu zupa EXTRA LINE, 480g" src="/uploads/sale/2024/sales_page/08/09//skabetu-gurku-zupa-extra-line-00278-0121162019.png?1769005219">
        </div>
        <div class="text       ">
            <div class="title">Skābētu gurķu zupa EXTRA LINE, 480g</div>
            <div class="pack">
                <span class="ptitle"></span>
                <span class="price"> </span>
            </div>
                    </div>
        <div class="infopop">
            <div class="in"><span></span>
                <div class="arrow_top"></div>
                <div class="arrow_bottom"></div>
            </div>
        </div>
    </div>
</div><div class="col-third offer-item">
    <div class="item bl_shadow product-205726   offer-2-l-sp-sku units-price        " data-product-id="205726" data-timeout="323" data-dates-interval="08.08.2024. - 31.12.2026." tabindex="0" role="button">
                                                    <div class="discount price with-unit-price ">
    
                    <div class="t1 with-unit-price ">
            <span class="value">0</span>
            <span class="cents">75</span>
            <span class="eur">€</span>
            <span class="unit-price">4.56 €/kg</span>
        </div>
            
    <span class="vline"></span>
</div>                    		
        
        
        <div class="tags tags_primary bottom_icons">
            
                    </div>
        <div class="tags tags_primary info_icon">
            

        </div>

        <div class="info-notice">
            


                    </div>

        <div class="img">
          <img alt="Mārrutki rīvēti EXTRA LINE, 160 g" src="/uploads/sale/2024/sales_page/08/09//marrutki-riveti-extra-line-00281-0121165018.png?1769007018">
        </div>
        <div class="text       ">
            <div class="title">Mārrutki rīvēti EXTRA LINE, 160 g</div>
            <div class="pack">
                <span class="ptitle"></span>
                <span class="price"> </span>
            </div>
                    </div>
        <div class="infopop">
            <div class="in"><span></span>
                <div class="arrow_top"></div>
                <div class="arrow_bottom"></div>
            </div>
        </div>
    </div>
</div><div class="col-third offer-item">
    <div class="item bl_shadow product-205728   offer-2-l-sp-sku units-price        " data-product-id="205728" data-timeout="323" data-dates-interval="08.08.2024. - 31.12.2026." tabindex="0" role="button">
                                                    <div class="discount price with-unit-price ">
    
                    <div class="t1 with-unit-price ">
            <span class="value">1</span>
            <span class="cents">39</span>
            <span class="eur">€</span>
            <span class="unit-price">2.78 €/kg</span>
        </div>
            
    <span class="vline"></span>
</div>                    		
        
        
        <div class="tags tags_primary bottom_icons">
            
                    </div>
        <div class="tags tags_primary info_icon">
            

        </div>

        <div class="info-notice">
            


                    </div>

        <div class="img">
          <img alt="Asā tomātu mērce EXTRA LINE, 500 g" src="/uploads/sale/2024/sales_page/08/09//asa-tomatu-merce-extra-line-00283-0121164028.png?1769006428">
        </div>
        <div class="text       ">
            <div class="title">Asā tomātu mērce EXTRA LINE, 500 g</div>
            <div class="pack">
                <span class="ptitle"></span>
                <span class="price"> </span>
            </div>
                    </div>
        <div class="infopop">
            <div class="in"><span></span>
                <div class="arrow_top"></div>
                <div class="arrow_bottom"></div>
            </div>
        </div>
    </div>
</div><div class="col-third offer-item">
    <div class="item bl_shadow product-205729   offer-2-l-sp-sku units-price        " data-product-id="205729" data-timeout="323" data-dates-interval="08.08.2024. - 31.12.2026." tabindex="0" role="button">
                                                    <div class="discount price with-unit-price ">
    
                    <div class="t1 with-unit-price ">
            <span class="value">1</span>
            <span class="cents">39</span>
            <span class="eur">€</span>
            <span class="unit-price">2.78 €/kg</span>
        </div>
            
    <span class="vline"></span>
</div>                    		
        
        
        <div class="tags tags_primary bottom_icons">
            
                    </div>
        <div class="tags tags_primary info_icon">
            

        </div>

        <div class="info-notice">
            


                    </div>

        <div class="img">
          <img alt="Klasiskā tomātu mērce EXTRA LINE, 500 g" src="/uploads/sale/2024/sales_page/08/09//klasiska-tomatu-merce-extra-line-00284-0121164028.png?1769006428">
        </div>
        <div class="text       ">
            <div class="title">Klasiskā tomātu mērce EXTRA LINE, 500 g</div>
            <div class="pack">
                <span class="ptitle"></span>
                <span class="price"> </span>
            </div>
                    </div>
        <div class="infopop">
            <div class="in"><span></span>
                <div class="arrow_top"></div>
                <div class="arrow_bottom"></div>
            </div>
        </div>
    </div>
</div><div class="col-third offer-item">
    <div class="item bl_shadow product-205730   offer-2-l-sp-sku units-price        " data-product-id="205730" data-timeout="323" data-dates-interval="08.08.2024. - 31.12.2026." tabindex="0" role="button">
                                                    <div class="discount price with-unit-price ">
    
                    <div class="t1 with-unit-price ">
            <span class="value">0</span>
            <span class="cents">55</span>
            <span class="eur">€</span>
            <span class="unit-price">3.06 €/kg</span>
        </div>
            
    <span class="vline"></span>
</div>                    		
        
        
        <div class="tags tags_primary bottom_icons">
            
                    </div>
        <div class="tags tags_primary info_icon">
            

        </div>

        <div class="info-notice">
            


                    </div>

        <div class="img">
          <img alt="Zaļās olīvas bez kauliņ. EXTRA LINE, 180 g" src="/uploads/sale/2024/sales_page/08/09//zalas-olivas-bez-kaulin-extra-line-00285-0121155520.png?1769003720">
        </div>
        <div class="text       ">
            <div class="title">Zaļās olīvas bez kauliņ. EXTRA LINE, 180 g</div>
            <div class="pack">
                <span class="ptitle"></span>
                <span class="price"> </span>
            </div>
                    </div>
        <div class="infopop">
            <div class="in"><span></span>
                <div class="arrow_top"></div>
                <div class="arrow_bottom"></div>
            </div>
        </div>
    </div>
</div><div class="col-third offer-item">
    <div class="item bl_shadow product-205716   offer-2-l-sp-sku units-price        " data-product-id="205716" data-timeout="323" data-dates-interval="08.08.2024. - 31.12.2026." tabindex="0" role="button">
                                                    <div class="discount price with-unit-price ">
    
                    <div class="t1 with-unit-price ">
            <span class="value">1</span>
            <span class="cents">28</span>
            <span class="eur">€</span>
            <span class="unit-price">2.67 €/kg</span>
        </div>
            
    <span class="vline"></span>
</div>                    		
        
        
        <div class="tags tags_primary bottom_icons">
            
                    </div>
        <div class="tags tags_primary info_icon">
            

        </div>

        <div class="info-notice">
            


                    </div>

        <div class="img">
          <img alt="Klasiskais kečups EXTRA LINE, 480 g" src="/uploads/sale/2024/sales_page/08/09//klasiskais-kecups-extra-line-00286-0121163018.png?1769005818">
        </div>
        <div class="text       ">
            <div class="title">Klasiskais kečups EXTRA LINE, 480 g</div>
            <div class="pack">
                <span class="ptitle"></span>
                <span class="price"> </span>
            </div>
                    </div>
        <div class="infopop">
            <div class="in"><span></span>
                <div class="arrow_top"></div>
                <div class="arrow_bottom"></div>
            </div>
        </div>
    </div>
</div><div class="col-third offer-item">
    <div class="item bl_shadow product-205717   offer-2-l-sp-sku units-price        " data-product-id="205717" data-timeout="323" data-dates-interval="08.08.2024. - 31.12.2026." tabindex="0" role="button">
                                                    <div class="discount price with-unit-price ">
    
                    <div class="t1 with-unit-price ">
            <span class="value">1</span>
            <span class="cents">65</span>
            <span class="eur">€</span>
            <span class="unit-price">3.44 €/kg</span>
        </div>
            
    <span class="vline"></span>
</div>                    		
        
        
        <div class="tags tags_primary bottom_icons">
            
                    </div>
        <div class="tags tags_primary info_icon">
            

        </div>

        <div class="info-notice">
            


                    </div>

        <div class="img">
          <img alt="Pikantais kečups EXTRA LINE, 481 g" src="/uploads/sale/2024/sales_page/08/09//pikantais-kecups-extra-line-00287-0121160021.png?1769004021">
        </div>
        <div class="text       ">
            <div class="title">Pikantais kečups EXTRA LINE, 481 g</div>
            <div class="pack">
                <span class="ptitle"></span>
                <span class="price"> </span>
            </div>
                    </div>
        <div class="infopop">
            <div class="in"><span></span>
                <div class="arrow_top"></div>
                <div class="arrow_bottom"></div>
            </div>
        </div>
    </div>
</div><div class="col-third offer-item">
    <div class="item bl_shadow product-197853   offer-2-l-sp-sku units-price        " data-product-id="197853" data-timeout="323" data-dates-interval="06.10.2023. - 31.12.2026." tabindex="0" role="button">
                                                    <div class="discount price with-unit-price ">
                        <div class="bottom-icon with-unit-price">
                            </div>
            
                    <div class="t1 with-unit-price ">
            <span class="value">1</span>
            <span class="cents">49</span>
            <span class="eur">€</span>
            <span class="unit-price">1.20 €/kg</span>
        </div>
            
    <span class="vline"></span>
</div>                    		
        
        
        <div class="tags tags_primary bottom_icons">
                            
                    </div>
        <div class="tags tags_primary info_icon">
            

        </div>

        <div class="info-notice">
            


                                                </div>

        <div class="img">
          <img alt="Konservēta suņu barība HAPPY TAILS liellopa, 1,25 kg" src="/uploads/sale/2024/sales_page/03/29//konserveta-sunu-bariba-happy-tails-liellopa-00248-0121155522.png?1769003722">
        </div>
        <div class="text       ">
            <div class="title">Konservēta suņu barība HAPPY TAILS liellopa, 1,25 kg</div>
            <div class="pack">
                <span class="ptitle"></span>
                <span class="price"> 1.20 €/kg</span>
            </div>
                    </div>
        <div class="infopop">
            <div class="in"><span></span>
                <div class="arrow_top"></div>
                <div class="arrow_bottom"></div>
            </div>
        </div>
    </div>
</div><div class="col-third offer-item">
    <div class="item bl_shadow product-197854   offer-2-l-sp-sku units-price        " data-product-id="197854" data-timeout="323" data-dates-interval="06.10.2023. - 31.12.2026." tabindex="0" role="button">
                                                    <div class="discount price with-unit-price ">
                        <div class="bottom-icon with-unit-price">
                            </div>
            
                    <div class="t1 with-unit-price ">
            <span class="value">1</span>
            <span class="cents">49</span>
            <span class="eur">€</span>
            <span class="unit-price">1.20 €/kg</span>
        </div>
            
    <span class="vline"></span>
</div>                    		
        
        
        <div class="tags tags_primary bottom_icons">
                            
                    </div>
        <div class="tags tags_primary info_icon">
            

        </div>

        <div class="info-notice">
            


                                                </div>

        <div class="img">
          <img alt="Konservēta suņu barība HAPPY TAILS mājputnu, 1,25 kg" src="/uploads/sale/2024/sales_page/03/29//konserveta-sunu-bariba-happy-tails-majputnu-00249-0121155520.png?1769003720">
        </div>
        <div class="text       ">
            <div class="title">Konservēta suņu barība HAPPY TAILS mājputnu, 1,25 kg</div>
            <div class="pack">
                <span class="ptitle"></span>
                <span class="price"> 1.20 €/kg</span>
            </div>
                    </div>
        <div class="infopop">
            <div class="in"><span></span>
                <div class="arrow_top"></div>
                <div class="arrow_bottom"></div>
            </div>
        </div>
    </div>
</div><div class="col-third offer-item">
    <div class="item bl_shadow product-197857   offer-2-l-sp-sku units-price        " data-product-id="197857" data-timeout="323" data-dates-interval="06.10.2023. - 31.12.2026." tabindex="0" role="button">
                                                    <div class="discount price with-unit-price ">
                        <div class="bottom-icon with-unit-price">
                            </div>
            
                    <div class="t1 with-unit-price ">
            <span class="value">2</span>
            <span class="cents">33</span>
            <span class="eur">€</span>
            <span class="unit-price">1.17 €/l</span>
        </div>
            
    <span class="vline"></span>
</div>                    		
        
        
        <div class="tags tags_primary bottom_icons">
                            
                    </div>
        <div class="tags tags_primary info_icon">
            

        </div>

        <div class="info-notice">
            


                                                </div>

        <div class="img">
          <img alt="Veļas mazgāšans līdzeklis HELPER Color, 2 l, 33 m.r." src="/uploads/sale/2024/sales_page/03/29//velas-mazgasans-lidzeklis-helper-color-00252-0121163520.png?1769006120">
        </div>
        <div class="text       ">
            <div class="title">Veļas mazgāšans līdzeklis HELPER Color, 2 l, 33 m.r.</div>
            <div class="pack">
                <span class="ptitle"></span>
                <span class="price"> 1.17 €/l</span>
            </div>
                    </div>
        <div class="infopop">
            <div class="in"><span></span>
                <div class="arrow_top"></div>
                <div class="arrow_bottom"></div>
            </div>
        </div>
    </div>
</div><div class="col-third offer-item">
    <div class="item bl_shadow product-197858   offer-2-l-sp-sku units-price        " data-product-id="197858" data-timeout="323" data-dates-interval="13.06.2024. - 31.12.2026." tabindex="0" role="button">
                                                    <div class="discount price with-unit-price ">
                        <div class="bottom-icon with-unit-price">
                            </div>
            
                    <div class="t1 with-unit-price ">
            <span class="value">2</span>
            <span class="cents">33</span>
            <span class="eur">€</span>
            <span class="unit-price">1.17 €/l</span>
        </div>
            
    <span class="vline"></span>
</div>                    		
        
        
        <div class="tags tags_primary bottom_icons">
                            
                    </div>
        <div class="tags tags_primary info_icon">
            

        </div>

        <div class="info-notice">
            


                                                </div>

        <div class="img">
          <img alt="Veļas mazgāšanas līdzeklis HELPER Sensitive Color, 2 l, 33 m.r." src="/uploads/sale/2024/sales_page/03/29//velas-mazgasanas-lidzeklis-helper-sensitive-color-00253-0121163520.png?1769006120">
        </div>
        <div class="text       ">
            <div class="title">Veļas mazgāšanas līdzeklis HELPER Sensitive Color, 2 l, 33 m.r.</div>
            <div class="pack">
                <span class="ptitle"></span>
                <span class="price"> 1.17 €/l</span>
            </div>
                    </div>
        <div class="infopop">
            <div class="in"><span></span>
                <div class="arrow_top"></div>
                <div class="arrow_bottom"></div>
            </div>
        </div>
    </div>
</div><div class="col-third offer-item">
    <div class="item bl_shadow product-197753   offer-2-l-sp-sku units-price        " data-product-id="197753" data-timeout="323" data-dates-interval="28.05.2024. - 31.12.2026." tabindex="0" role="button">
                                                    <div class="discount price with-unit-price ">
                        <div class="bottom-icon with-unit-price">
                            </div>
            
                    <div class="t1 with-unit-price ">
            <span class="value">1</span>
            <span class="cents">19</span>
            <span class="eur">€</span>
            <span class="unit-price">2,38 €/l</span>
        </div>
            
    <span class="vline"></span>
</div>                    		
        
        
        <div class="tags tags_primary bottom_icons">
                            
                    </div>
        <div class="tags tags_primary info_icon">
            

        </div>

        <div class="info-notice">
            


                                                </div>

        <div class="img">
          <img alt="Trauku mazgāšanas līdzeklis HELPER Apple, 500 ml" src="/uploads/sale/2024/sales_page/03/29//trauku-mazgasanas-lidzeklis-helper-apple-00254-0121163518.png?1769006118">
        </div>
        <div class="text       ">
            <div class="title">Trauku mazgāšanas līdzeklis HELPER Apple, 500 ml</div>
            <div class="pack">
                <span class="ptitle"></span>
                <span class="price"> 2,38 €/l</span>
            </div>
                    </div>
        <div class="infopop">
            <div class="in"><span></span>
                <div class="arrow_top"></div>
                <div class="arrow_bottom"></div>
            </div>
        </div>
    </div>
</div><div class="col-third offer-item">
    <div class="item bl_shadow product-197754   offer-2-l-sp-sku units-price        " data-product-id="197754" data-timeout="323" data-dates-interval="06.10.2023. - 31.12.2026." tabindex="0" role="button">
                                                    <div class="discount price with-unit-price ">
                        <div class="bottom-icon with-unit-price">
                            </div>
            
                    <div class="t1 with-unit-price ">
            <span class="value">3</span>
            <span class="cents">98</span>
            <span class="eur">€</span>
            <span class="unit-price">.</span>
        </div>
            
    <span class="vline"></span>
</div>                    		
        
        
        <div class="tags tags_primary bottom_icons">
                            
                    </div>
        <div class="tags tags_primary info_icon">
            

        </div>

        <div class="info-notice">
            


                                                </div>

        <div class="img">
          <img alt="Veļas mazgāšanas kapsulas HELPER, 20 gab, whites+color" src="/uploads/sale/2024/sales_page/03/29//velas-mazgasanas-kapsulas-helper-00255-0121162019.png?1769005219">
        </div>
        <div class="text       ">
            <div class="title">Veļas mazgāšanas kapsulas HELPER, 20 gab, whites+color</div>
            <div class="pack">
                <span class="ptitle"></span>
                <span class="price"> .</span>
            </div>
                    </div>
        <div class="infopop">
            <div class="in"><span></span>
                <div class="arrow_top"></div>
                <div class="arrow_bottom"></div>
            </div>
        </div>
    </div>
</div><div class="col-third offer-item">
    <div class="item bl_shadow product-205721   offer-2-l-sp-sku units-price        " data-product-id="205721" data-timeout="323" data-dates-interval="08.08.2024. - 31.12.2026." tabindex="0" role="button">
                                                    <div class="discount price with-unit-price ">
    
                    <div class="t1 with-unit-price ">
            <span class="value">0</span>
            <span class="cents">42</span>
            <span class="eur">€</span>
            <span class="unit-price">0.42 €/l</span>
        </div>
            
    <span class="vline"></span>
</div>                    		
        
        
        <div class="tags tags_primary bottom_icons">
            
                    </div>
        <div class="tags tags_primary info_icon">
            

        </div>

        <div class="info-notice">
            


                    </div>

        <div class="img">
          <img alt="Pārtikas etiķskābe EXTRA LINE 9%, 1 l" src="/uploads/sale/2024/sales_page/08/09//partikas-etikskabe-extra-line-9-00276-0121155520.png?1769003720">
        </div>
        <div class="text       ">
            <div class="title">Pārtikas etiķskābe EXTRA LINE 9%, 1 l</div>
            <div class="pack">
                <span class="ptitle"></span>
                <span class="price"> </span>
            </div>
                    </div>
        <div class="infopop">
            <div class="in"><span></span>
                <div class="arrow_top"></div>
                <div class="arrow_bottom"></div>
            </div>
        </div>
    </div>
</div><div class="col-third offer-item">
    <div class="item bl_shadow product-205722   offer-2-l-sp-sku units-price        " data-product-id="205722" data-timeout="323" data-dates-interval="08.08.2024. - 31.12.2026." tabindex="0" role="button">
                                                    <div class="discount price with-unit-price ">
    
                    <div class="t1 with-unit-price ">
            <span class="value">0</span>
            <span class="cents">69</span>
            <span class="eur">€</span>
            <span class="unit-price">1.73 €/kg</span>
        </div>
            
    <span class="vline"></span>
</div>                    		
        
        
        <div class="tags tags_primary bottom_icons">
            
                    </div>
        <div class="tags tags_primary info_icon">
            

        </div>

        <div class="info-notice">
            


                    </div>

        <div class="img">
          <img alt="Ceptas pupiņas tom.mērcē EXTRA LINE, 400g" src="/uploads/sale/2024/sales_page/08/09//ceptas-pupinas-tom-merce-extra-line-00277-0121164026.png?1769006426">
        </div>
        <div class="text       ">
            <div class="title">Ceptas pupiņas tom.mērcē EXTRA LINE, 400g</div>
            <div class="pack">
                <span class="ptitle"></span>
                <span class="price"> </span>
            </div>
                    </div>
        <div class="infopop">
            <div class="in"><span></span>
                <div class="arrow_top"></div>
                <div class="arrow_bottom"></div>
            </div>
        </div>
    </div>
</div><div class="col-third offer-item">
    <div class="item bl_shadow product-205723   offer-2-l-sp-sku units-price        " data-product-id="205723" data-timeout="323" data-dates-interval="08.08.2024. - 31.12.2026." tabindex="0" role="button">
                                                    <div class="discount price with-unit-price ">
    
                    <div class="t1 with-unit-price ">
            <span class="value">1</span>
            <span class="cents">69</span>
            <span class="eur">€</span>
            <span class="unit-price">3.51 €/kg</span>
        </div>
                    <div class="t2">
                <span class="value">1,69</span>
                <span class="eur">€</span>
            </div>
            <div class="t3 ">
                <span class="value">1</span>
                <span class="cents">69</span>
                <span class="eur">€</span>
                            </div>
            
    <span class="vline"></span>
</div>                    		
        
        
        <div class="tags tags_primary bottom_icons">
            
                    </div>
        <div class="tags tags_primary info_icon">
            

        </div>

        <div class="info-notice">
            


                    </div>

        <div class="img">
          <img alt="Skābētu gurķu zupa EXTRA LINE, 480g" src="/uploads/sale/2024/sales_page/08/09//skabetu-gurku-zupa-extra-line-00278-0121162019.png?1769005219">
        </div>
        <div class="text       ">
            <div class="title">Skābētu gurķu zupa EXTRA LINE, 480g</div>
            <div class="pack">
                <span class="ptitle"></span>
                <span class="price"> </span>
            </div>
                    </div>
        <div class="infopop">
            <div class="in"><span></span>
                <div class="arrow_top"></div>
                <div class="arrow_bottom"></div>
            </div>
        </div>
    </div>
</div><div class="col-third offer-item">
    <div class="item bl_shadow product-205726   offer-2-l-sp-sku units-price        " data-product-id="205726" data-timeout="323" data-dates-interval="08.08.2024. - 31.12.2026." tabindex="0" role="button">
                                                    <div class="discount price with-unit-price ">
    
                    <div class="t1 with-unit-price ">
            <span class="value">0</span>
            <span class="cents">75</span>
            <span class="eur">€</span>
            <span class="unit-price">4.56 €/kg</span>
        </div>
            
    <span class="vline"></span>
</div>                    		
        
        
        <div class="tags tags_primary bottom_icons">
            
                    </div>
        <div class="tags tags_primary info_icon">
            

        </div>

        <div class="info-notice">
            


                    </div>

        <div class="img">
          <img alt="Mārrutki rīvēti EXTRA LINE, 160 g" src="/uploads/sale/2024/sales_page/08/09//marrutki-riveti-extra-line-00281-0121165018.png?1769007018">
        </div>
        <div class="text       ">
            <div class="title">Mārrutki rīvēti EXTRA LINE, 160 g</div>
            <div class="pack">
                <span class="ptitle"></span>
                <span class="price"> </span>
            </div>
                    </div>
        <div class="infopop">
            <div class="in"><span></span>
                <div class="arrow_top"></div>
                <div class="arrow_bottom"></div>
            </div>
        </div>
    </div>
</div><div class="col-third offer-item">
    <div class="item bl_shadow product-205728   offer-2-l-sp-sku units-price        " data-product-id="205728" data-timeout="323" data-dates-interval="08.08.2024. - 31.12.2026." tabindex="0" role="button">
                                                    <div class="discount price with-unit-price ">
    
                    <div class="t1 with-unit-price ">
            <span class="value">1</span>
            <span class="cents">39</span>
            <span class="eur">€</span>
            <span class="unit-price">2.78 €/kg</span>
        </div>
            
    <span class="vline"></span>
</div>                    		
        
        
        <div class="tags tags_primary bottom_icons">
            
                    </div>
        <div class="tags tags_primary info_icon">
            

        </div>

        <div class="info-notice">
            


                    </div>

        <div class="img">
          <img alt="Asā tomātu mērce EXTRA LINE, 500 g" src="/uploads/sale/2024/sales_page/08/09//asa-tomatu-merce-extra-line-00283-0121164028.png?1769006428">
        </div>
        <div class="text       ">
            <div class="title">Asā tomātu mērce EXTRA LINE, 500 g</div>
            <div class="pack">
                <span class="ptitle"></span>
                <span class="price"> </span>
            </div>
                    </div>
        <div class="infopop">
            <div class="in"><span></span>
                <div class="arrow_top"></div>
                <div class="arrow_bottom"></div>
            </div>
        </div>
    </div>
</div><div class="col-third offer-item">
    <div class="item bl_shadow product-205729   offer-2-l-sp-sku units-price        " data-product-id="205729" data-timeout="323" data-dates-interval="08.08.2024. - 31.12.2026." tabindex="0" role="button">
                                                    <div class="discount price with-unit-price ">
    
                    <div class="t1 with-unit-price ">
            <span class="value">1</span>
            <span class="cents">39</span>
            <span class="eur">€</span>
            <span class="unit-price">2.78 €/kg</span>
        </div>
            
    <span class="vline"></span>
</div>                    		
        
        
        <div class="tags tags_primary bottom_icons">
            
                    </div>
        <div class="tags tags_primary info_icon">
            

        </div>

        <div class="info-notice">
            


                    </div>

        <div class="img">
          <img alt="Klasiskā tomātu mērce EXTRA LINE, 500 g" src="/uploads/sale/2024/sales_page/08/09//klasiska-tomatu-merce-extra-line-00284-0121164028.png?1769006428">
        </div>
        <div class="text       ">
            <div class="title">Klasiskā tomātu mērce EXTRA LINE, 500 g</div>
            <div class="pack">
                <span class="ptitle"></span>
                <span class="price"> </span>
            </div>
                    </div>
        <div class="infopop">
            <div class="in"><span></span>
                <div class="arrow_top"></div>
                <div class="arrow_bottom"></div>
            </div>
        </div>
    </div>
</div><div class="col-third offer-item">
    <div class="item bl_shadow product-205730   offer-2-l-sp-sku units-price        " data-product-id="205730" data-timeout="323" data-dates-interval="08.08.2024. - 31.12.2026." tabindex="0" role="button">
                                                    <div class="discount price with-unit-price ">
    
                    <div class="t1 with-unit-price ">
            <span class="value">0</span>
            <span class="cents">55</span>
            <span class="eur">€</span>
            <span class="unit-price">3.06 €/kg</span>
        </div>
            
    <span class="vline"></span>
</div>                    		
        
        
        <div class="tags tags_primary bottom_icons">
            
                    </div>
        <div class="tags tags_primary info_icon">
            

        </div>

        <div class="info-notice">
            


                    </div>

        <div class="img">
          <img alt="Zaļās olīvas bez kauliņ. EXTRA LINE, 180 g" src="/uploads/sale/2024/sales_page/08/09//zalas-olivas-bez-kaulin-extra-line-00285-0121155520.png?1769003720">
        </div>
        <div class="text       ">
            <div class="title">Zaļās olīvas bez kauliņ. EXTRA LINE, 180 g</div>
            <div class="pack">
                <span class="ptitle"></span>
                <span class="price"> </span>
            </div>
                    </div>
        <div class="infopop">
            <div class="in"><span></span>
                <div class="arrow_top"></div>
                <div class="arrow_bottom"></div>
            </div>
        </div>
    </div>
</div><div class="col-third offer-item">
    <div class="item bl_shadow product-205716   offer-2-l-sp-sku units-price        " data-product-id="205716" data-timeout="323" data-dates-interval="08.08.2024. - 31.12.2026." tabindex="0" role="button">
                                                    <div class="discount price with-unit-price ">
    
                    <div class="t1 with-unit-price ">
            <span class="value">1</span>
            <span class="cents">28</span>
            <span class="eur">€</span>
            <span class="unit-price">2.67 €/kg</span>
        </div>
            
    <span class="vline"></span>
</div>                    		
        
        
        <div class="tags tags_primary bottom_icons">
            
                    </div>
        <div class="tags tags_primary info_icon">
            

        </div>

        <div class="info-notice">
            


                    </div>

        <div class="img">
          <img alt="Klasiskais kečups EXTRA LINE, 480 g" src="/uploads/sale/2024/sales_page/08/09//klasiskais-kecups-extra-line-00286-0121163018.png?1769005818">
        </div>
        <div class="text       ">
            <div class="title">Klasiskais kečups EXTRA LINE, 480 g</div>
            <div class="pack">
                <span class="ptitle"></span>
                <span class="price"> </span>
            </div>
                    </div>
        <div class="infopop">
            <div class="in"><span></span>
                <div class="arrow_top"></div>
                <div class="arrow_bottom"></div>
            </div>
        </div>
    </div>
</div><div class="col-third offer-item">
    <div class="item bl_shadow product-205717   offer-2-l-sp-sku units-price        " data-product-id="205717" data-timeout="323" data-dates-interval="08.08.2024. - 31.12.2026." tabindex="0" role="button">
                                                    <div class="discount price with-unit-price ">
    
                    <div class="t1 with-unit-price ">
            <span class="value">1</span>
            <span class="cents">65</span>
            <span class="eur">€</span>
            <span class="unit-price">3.44 €/kg</span>
        </div>
            
    <span class="vline"></span>
</div>                    		
        
        
        <div class="tags tags_primary bottom_icons">
            
                    </div>
        <div class="tags tags_primary info_icon">
            

        </div>

        <div class="info-notice">
            


                    </div>

        <div class="img">
          <img alt="Pikantais kečups EXTRA LINE, 481 g" src="/uploads/sale/2024/sales_page/08/09//pikantais-kecups-extra-line-00287-0121160021.png?1769004021">
        </div>
        <div class="text       ">
            <div class="title">Pikantais kečups EXTRA LINE, 481 g</div>
            <div class="pack">
                <span class="ptitle"></span>
                <span class="price"> </span>
            </div>
                    </div>
        <div class="infopop">
            <div class="in"><span></span>
                <div class="arrow_top"></div>
                <div class="arrow_bottom"></div>
            </div>
        </div>
    </div>
</div><div class="col-third offer-item">
    <div class="item bl_shadow product-197853   offer-2-l-sp-sku units-price        " data-product-id="197853" data-timeout="323" data-dates-interval="06.10.2023. - 31.12.2026." tabindex="0" role="button">
                                                    <div class="discount price with-unit-price ">
                        <div class="bottom-icon with-unit-price">
                            </div>
            
                    <div class="t1 with-unit-price ">
            <span class="value">1</span>
            <span class="cents">49</span>
            <span class="eur">€</span>
            <span class="unit-price">1.20 €/kg</span>
        </div>
            
    <span class="vline"></span>
</div>                    		
        
        
        <div class="tags tags_primary bottom_icons">
                            
                    </div>
        <div class="tags tags_primary info_icon">
            

        </div>

        <div class="info-notice">
            


                                                </div>

        <div class="img">
          <img alt="Konservēta suņu barība HAPPY TAILS liellopa, 1,25 kg" src="/uploads/sale/2024/sales_page/03/29//konserveta-sunu-bariba-happy-tails-liellopa-00248-0121155522.png?1769003722">
        </div>
        <div class="text       ">
            <div class="title">Konservēta suņu barība HAPPY TAILS liellopa, 1,25 kg</div>
            <div class="pack">
                <span class="ptitle"></span>
                <span class="price"> 1.20 €/kg</span>
            </div>
                    </div>
        <div class="infopop">
            <div class="in"><span></span>
                <div class="arrow_top"></div>
                <div class="arrow_bottom"></div>
            </div>
        </div>
    </div>
</div><div class="col-third offer-item">
    <div class="item bl_shadow product-197854   offer-2-l-sp-sku units-price        " data-product-id="197854" data-timeout="323" data-dates-interval="06.10.2023. - 31.12.2026." tabindex="0" role="button">
                                                    <div class="discount price with-unit-price ">
                        <div class="bottom-icon with-unit-price">
                            </div>
            
                    <div class="t1 with-unit-price ">
            <span class="value">1</span>
            <span class="cents">49</span>
            <span class="eur">€</span>
            <span class="unit-price">1.20 €/kg</span>
        </div>
            
    <span class="vline"></span>
</div>                    		
        
        
        <div class="tags tags_primary bottom_icons">
                            
                    </div>
        <div class="tags tags_primary info_icon">
            

        </div>

        <div class="info-notice">
            


                                                </div>

        <div class="img">
          <img alt="Konservēta suņu barība HAPPY TAILS mājputnu, 1,25 kg" src="/uploads/sale/2024/sales_page/03/29//konserveta-sunu-bariba-happy-tails-majputnu-00249-0121155520.png?1769003720">
        </div>
        <div class="text       ">
            <div class="title">Konservēta suņu barība HAPPY TAILS mājputnu, 1,25 kg</div>
            <div class="pack">
                <span class="ptitle"></span>
                <span class="price"> 1.20 €/kg</span>
            </div>
                    </div>
        <div class="infopop">
            <div class="in"><span></span>
                <div class="arrow_top"></div>
                <div class="arrow_bottom"></div>
            </div>
        </div>
    </div>
</div><div class="col-third offer-item">
    <div class="item bl_shadow product-197857   offer-2-l-sp-sku units-price        " data-product-id="197857" data-timeout="323" data-dates-interval="06.10.2023. - 31.12.2026." tabindex="0" role="button">
                                                    <div class="discount price with-unit-price ">
                        <div class="bottom-icon with-unit-price">
                            </div>
            
                    <div class="t1 with-unit-price ">
            <span class="value">2</span>
            <span class="cents">33</span>
            <span class="eur">€</span>
            <span class="unit-price">1.17 €/l</span>
        </div>
            
    <span class="vline"></span>
</div>                    		
        
        
        <div class="tags tags_primary bottom_icons">
                            
                    </div>
        <div class="tags tags_primary info_icon">
            

        </div>

        <div class="info-notice">
            


                                                </div>

        <div class="img">
          <img alt="Veļas mazgāšans līdzeklis HELPER Color, 2 l, 33 m.r." src="/uploads/sale/2024/sales_page/03/29//velas-mazgasans-lidzeklis-helper-color-00252-0121163520.png?1769006120">
        </div>
        <div class="text       ">
            <div class="title">Veļas mazgāšans līdzeklis HELPER Color, 2 l, 33 m.r.</div>
            <div class="pack">
                <span class="ptitle"></span>
                <span class="price"> 1.17 €/l</span>
            </div>
                    </div>
        <div class="infopop">
            <div class="in"><span></span>
                <div class="arrow_top"></div>
                <div class="arrow_bottom"></div>
            </div>
        </div>
    </div>
</div><div class="col-third offer-item">
    <div class="item bl_shadow product-197858   offer-2-l-sp-sku units-price        " data-product-id="197858" data-timeout="323" data-dates-interval="13.06.2024. - 31.12.2026." tabindex="0" role="button">
                                                    <div class="discount price with-unit-price ">
                        <div class="bottom-icon with-unit-price">
                            </div>
            
                    <div class="t1 with-unit-price ">
            <span class="value">2</span>
            <span class="cents">33</span>
            <span class="eur">€</span>
            <span class="unit-price">1.17 €/l</span>
        </div>
            
    <span class="vline"></span>
</div>                    		
        
        
        <div class="tags tags_primary bottom_icons">
                            
                    </div>
        <div class="tags tags_primary info_icon">
            

        </div>

        <div class="info-notice">
            


                                                </div>

        <div class="img">
          <img alt="Veļas mazgāšanas līdzeklis HELPER Sensitive Color, 2 l, 33 m.r." src="/uploads/sale/2024/sales_page/03/29//velas-mazgasanas-lidzeklis-helper-sensitive-color-00253-0121163520.png?1769006120">
        </div>
        <div class="text       ">
            <div class="title">Veļas mazgāšanas līdzeklis HELPER Sensitive Color, 2 l, 33 m.r.</div>
            <div class="pack">
                <span class="ptitle"></span>
                <span class="price"> 1.17 €/l</span>
            </div>
                    </div>
        <div class="infopop">
            <div class="in"><span></span>
                <div class="arrow_top"></div>
                <div class="arrow_bottom"></div>
            </div>
        </div>
    </div>
</div><div class="col-third offer-item">
    <div class="item bl_shadow product-197753   offer-2-l-sp-sku units-price        " data-product-id="197753" data-timeout="323" data-dates-interval="28.05.2024. - 31.12.2026." tabindex="0" role="button">
                                                    <div class="discount price with-unit-price ">
                        <div class="bottom-icon with-unit-price">
                            </div>
            
                    <div class="t1 with-unit-price ">
            <span class="value">1</span>
            <span class="cents">19</span>
            <span class="eur">€</span>
            <span class="unit-price">2,38 €/l</span>
        </div>
            
    <span class="vline"></span>
</div>                    		
        
        
        <div class="tags tags_primary bottom_icons">
                            
                    </div>
        <div class="tags tags_primary info_icon">
            

        </div>

        <div class="info-notice">
            


                                                </div>

        <div class="img">
          <img alt="Trauku mazgāšanas līdzeklis HELPER Apple, 500 ml" src="/uploads/sale/2024/sales_page/03/29//trauku-mazgasanas-lidzeklis-helper-apple-00254-0121163518.png?1769006118">
        </div>
        <div class="text       ">
            <div class="title">Trauku mazgāšanas līdzeklis HELPER Apple, 500 ml</div>
            <div class="pack">
                <span class="ptitle"></span>
                <span class="price"> 2,38 €/l</span>
            </div>
                    </div>
        <div class="infopop">
            <div class="in"><span></span>
                <div class="arrow_top"></div>
                <div class="arrow_bottom"></div>
            </div>
        </div>
    </div>
</div><div class="col-third offer-item">
    <div class="item bl_shadow product-197754   offer-2-l-sp-sku units-price        " data-product-id="197754" data-timeout="323" data-dates-interval="06.10.2023. - 31.12.2026." tabindex="0" role="button">
                                                    <div class="discount price with-unit-price ">
                        <div class="bottom-icon with-unit-price">
                            </div>
            
                    <div class="t1 with-unit-price ">
            <span class="value">3</span>
            <span class="cents">98</span>
            <span class="eur">€</span>
            <span class="unit-price">.</span>
        </div>
            
    <span class="vline"></span>
</div>                    		
        
        
        <div class="tags tags_primary bottom_icons">
                            
                    </div>
        <div class="tags tags_primary info_icon">
            

        </div>

        <div class="info-notice">
            


                                                </div>

        <div class="img">
          <img alt="Veļas mazgāšanas kapsulas HELPER, 20 gab, whites+color" src="/uploads/sale/2024/sales_page/03/29//velas-mazgasanas-kapsulas-helper-00255-0121162019.png?1769005219">
        </div>
        <div class="text       ">
            <div class="title">Veļas mazgāšanas kapsulas HELPER, 20 gab, whites+color</div>
            <div class="pack">
                <span class="ptitle"></span>
                <span class="price"> .</span>
            </div>
                    </div>
        <div class="infopop">
            <div class="in"><span></span>
                <div class="arrow_top"></div>
                <div class="arrow_bottom"></div>
            </div>
        </div>
    </div>
</div><div class="col-third offer-item">
    <div class="item bl_shadow product-205721   offer-2-l-sp-sku units-price        " data-product-id="205721" data-timeout="323" data-dates-interval="08.08.2024. - 31.12.2026." tabindex="0" role="button">
                                                    <div class="discount price with-unit-price ">
    
                    <div class="t1 with-unit-price ">
            <span class="value">0</span>
            <span class="cents">42</span>
            <span class="eur">€</span>
            <span class="unit-price">0.42 €/l</span>
        </div>
            
    <span class="vline"></span>
</div>                    		
        
        
        <div class="tags tags_primary bottom_icons">
            
                    </div>
        <div class="tags tags_primary info_icon">
            

        </div>

        <div class="info-notice">
            


                    </div>

        <div class="img">
          <img alt="Pārtikas etiķskābe EXTRA LINE 9%, 1 l" src="/uploads/sale/2024/sales_page/08/09//partikas-etikskabe-extra-line-9-00276-0121155520.png?1769003720">
        </div>
        <div class="text       ">
            <div class="title">Pārtikas etiķskābe EXTRA LINE 9%, 1 l</div>
            <div class="pack">
                <span class="ptitle"></span>
                <span class="price"> </span>
            </div>
                    </div>
        <div class="infopop">
            <div class="in"><span></span>
                <div class="arrow_top"></div>
                <div class="arrow_bottom"></div>
            </div>
        </div>
    </div>
</div><div class="col-third offer-item">
    <div class="item bl_shadow product-205722   offer-2-l-sp-sku units-price        " data-product-id="205722" data-timeout="323" data-dates-interval="08.08.2024. - 31.12.2026." tabindex="0" role="button">
                                                    <div class="discount price with-unit-price ">
    
                    <div class="t1 with-unit-price ">
            <span class="value">0</span>
            <span class="cents">69</span>
            <span class="eur">€</span>
            <span class="unit-price">1.73 €/kg</span>
        </div>
            
    <span class="vline"></span>
</div>                    		
        
        
        <div class="tags tags_primary bottom_icons">
            
                    </div>
        <div class="tags tags_primary info_icon">
            

        </div>

        <div class="info-notice">
            


                    </div>

        <div class="img">
          <img alt="Ceptas pupiņas tom.mērcē EXTRA LINE, 400g" src="/uploads/sale/2024/sales_page/08/09//ceptas-pupinas-tom-merce-extra-line-00277-0121164026.png?1769006426">
        </div>
        <div class="text       ">
            <div class="title">Ceptas pupiņas tom.mērcē EXTRA LINE, 400g</div>
            <div class="pack">
                <span class="ptitle"></span>
                <span class="price"> </span>
            </div>
                    </div>
        <div class="infopop">
            <div class="in"><span></span>
                <div class="arrow_top"></div>
                <div class="arrow_bottom"></div>
            </div>
        </div>
    </div>
</div><div class="col-third offer-item">
    <div class="item bl_shadow product-205723   offer-2-l-sp-sku units-price        " data-product-id="205723" data-timeout="323" data-dates-interval="08.08.2024. - 31.12.2026." tabindex="0" role="button">
                                                    <div class="discount price with-unit-price ">
    
                    <div class="t1 with-unit-price ">
            <span class="value">1</span>
            <span class="cents">69</span>
            <span class="eur">€</span>
            <span class="unit-price">3.51 €/kg</span>
        </div>
                    <div class="t2">
                <span class="value">1,69</span>
                <span class="eur">€</span>
            </div>
            <div class="t3 ">
                <span class="value">1</span>
                <span class="cents">69</span>
                <span class="eur">€</span>
                            </div>
            
    <span class="vline"></span>
</div>                    		
        
        
        <div class="tags tags_primary bottom_icons">
            
                    </div>
        <div class="tags tags_primary info_icon">
            

        </div>

        <div class="info-notice">
            


                    </div>

        <div class="img">
          <img alt="Skābētu gurķu zupa EXTRA LINE, 480g" src="/uploads/sale/2024/sales_page/08/09//skabetu-gurku-zupa-extra-line-00278-0121162019.png?1769005219">
        </div>
        <div class="text       ">
            <div class="title">Skābētu gurķu zupa EXTRA LINE, 480g</div>
            <div class="pack">
                <span class="ptitle"></span>
                <span class="price"> </span>
            </div>
                    </div>
        <div class="infopop">
            <div class="in"><span></span>
                <div class="arrow_top"></div>
                <div class="arrow_bottom"></div>
            </div>
        </div>
    </div>
</div><div class="col-third offer-item">
    <div class="item bl_shadow product-205726   offer-2-l-sp-sku units-price        " data-product-id="205726" data-timeout="323" data-dates-interval="08.08.2024. - 31.12.2026." tabindex="0" role="button">
                                                    <div class="discount price with-unit-price ">
    
                    <div class="t1 with-unit-price ">
            <span class="value">0</span>
            <span class="cents">75</span>
            <span class="eur">€</span>
            <span class="unit-price">4.56 €/kg</span>
        </div>
            
    <span class="vline"></span>
</div>                    		
        
        
        <div class="tags tags_primary bottom_icons">
            
                    </div>
        <div class="tags tags_primary info_icon">
            

        </div>

        <div class="info-notice">
            


                    </div>

        <div class="img">
          <img alt="Mārrutki rīvēti EXTRA LINE, 160 g" src="/uploads/sale/2024/sales_page/08/09//marrutki-riveti-extra-line-00281-0121165018.png?1769007018">
        </div>
        <div class="text       ">
            <div class="title">Mārrutki rīvēti EXTRA LINE, 160 g</div>
            <div class="pack">
                <span class="ptitle"></span>
                <span class="price"> </span>
            </div>
                    </div>
        <div class="infopop">
            <div class="in"><span></span>
                <div class="arrow_top"></div>
                <div class="arrow_bottom"></div>
            </div>
        </div>
    </div>
</div><div class="col-third offer-item">
    <div class="item bl_shadow product-205728   offer-2-l-sp-sku units-price        " data-product-id="205728" data-timeout="323" data-dates-interval="08.08.2024. - 31.12.2026." tabindex="0" role="button">
                                                    <div class="discount price with-unit-price ">
    
                    <div class="t1 with-unit-price ">
            <span class="value">1</span>
            <span class="cents">39</span>
            <span class="eur">€</span>
            <span class="unit-price">2.78 €/kg</span>
        </div>
            
    <span class="vline"></span>
</div>                    		
        
        
        <div class="tags tags_primary bottom_icons">
            
                    </div>
        <div class="tags tags_primary info_icon">
            

        </div>

        <div class="info-notice">
            


                    </div>

        <div class="img">
          <img alt="Asā tomātu mērce EXTRA LINE, 500 g" src="/uploads/sale/2024/sales_page/08/09//asa-tomatu-merce-extra-line-00283-0121164028.png?1769006428">
        </div>
        <div class="text       ">
            <div class="title">Asā tomātu mērce EXTRA LINE, 500 g</div>
            <div class="pack">
                <span class="ptitle"></span>
                <span class="price"> </span>
            </div>
                    </div>
        <div class="infopop">
            <div class="in"><span></span>
                <div class="arrow_top"></div>
                <div class="arrow_bottom"></div>
            </div>
        </div>
    </div>
</div><div class="col-third offer-item">
    <div class="item bl_shadow product-205729   offer-2-l-sp-sku units-price        " data-product-id="205729" data-timeout="323" data-dates-interval="08.08.2024. - 31.12.2026." tabindex="0" role="button">
                                                    <div class="discount price with-unit-price ">
    
                    <div class="t1 with-unit-price ">
            <span class="value">1</span>
            <span class="cents">39</span>
            <span class="eur">€</span>
            <span class="unit-price">2.78 €/kg</span>
        </div>
            
    <span class="vline"></span>
</div>                    		
        
        
        <div class="tags tags_primary bottom_icons">
            
                    </div>
        <div class="tags tags_primary info_icon">
            

        </div>

        <div class="info-notice">
            


                    </div>

        <div class="img">
          <img alt="Klasiskā tomātu mērce EXTRA LINE, 500 g" src="/uploads/sale/2024/sales_page/08/09//klasiska-tomatu-merce-extra-line-00284-0121164028.png?1769006428">
        </div>
        <div class="text       ">
            <div class="title">Klasiskā tomātu mērce EXTRA LINE, 500 g</div>
            <div class="pack">
                <span class="ptitle"></span>
                <span class="price"> </span>
            </div>
                    </div>
        <div class="infopop">
            <div class="in"><span></span>
                <div class="arrow_top"></div>
                <div class="arrow_bottom"></div>
            </div>
        </div>
    </div>
</div><div class="col-third offer-item">
    <div class="item bl_shadow product-205730   offer-2-l-sp-sku units-price        " data-product-id="205730" data-timeout="323" data-dates-interval="08.08.2024. - 31.12.2026." tabindex="0" role="button">
                                                    <div class="discount price with-unit-price ">
    
                    <div class="t1 with-unit-price ">
            <span class="value">0</span>
            <span class="cents">55</span>
            <span class="eur">€</span>
            <span class="unit-price">3.06 €/kg</span>
        </div>
            
    <span class="vline"></span>
</div>                    		
        
        
        <div class="tags tags_primary bottom_icons">
            
                    </div>
        <div class="tags tags_primary info_icon">
            

        </div>

        <div class="info-notice">
            


                    </div>

        <div class="img">
          <img alt="Zaļās olīvas bez kauliņ. EXTRA LINE, 180 g" src="/uploads/sale/2024/sales_page/08/09//zalas-olivas-bez-kaulin-extra-line-00285-0121155520.png?1769003720">
        </div>
        <div class="text       ">
            <div class="title">Zaļās olīvas bez kauliņ. EXTRA LINE, 180 g</div>
            <div class="pack">
                <span class="ptitle"></span>
                <span class="price"> </span>
            </div>
                    </div>
        <div class="infopop">
            <div class="in"><span></span>
                <div class="arrow_top"></div>
                <div class="arrow_bottom"></div>
            </div>
        </div>
    </div>
</div><div class="col-third offer-item">
    <div class="item bl_shadow product-205716   offer-2-l-sp-sku units-price        " data-product-id="205716" data-timeout="323" data-dates-interval="08.08.2024. - 31.12.2026." tabindex="0" role="button">
                                                    <div class="discount price with-unit-price ">
    
                    <div class="t1 with-unit-price ">
            <span class="value">1</span>
            <span class="cents">28</span>
            <span class="eur">€</span>
            <span class="unit-price">2.67 €/kg</span>
        </div>
            
    <span class="vline"></span>
</div>                    		
        
        
        <div class="tags tags_primary bottom_icons">
            
                    </div>
        <div class="tags tags_primary info_icon">
            

        </div>

        <div class="info-notice">
            


                    </div>

        <div class="img">
          <img alt="Klasiskais kečups EXTRA LINE, 480 g" src="/uploads/sale/2024/sales_page/08/09//klasiskais-kecups-extra-line-00286-0121163018.png?1769005818">
        </div>
        <div class="text       ">
            <div class="title">Klasiskais kečups EXTRA LINE, 480 g</div>
            <div class="pack">
                <span class="ptitle"></span>
                <span class="price"> </span>
            </div>
                    </div>
        <div class="infopop">
            <div class="in"><span></span>
                <div class="arrow_top"></div>
                <div class="arrow_bottom"></div>
            </div>
        </div>
    </div>
</div><div class="col-third offer-item">
    <div class="item bl_shadow product-205717   offer-2-l-sp-sku units-price        " data-product-id="205717" data-timeout="323" data-dates-interval="08.08.2024. - 31.12.2026." tabindex="0" role="button">
                                                    <div class="discount price with-unit-price ">
    
                    <div class="t1 with-unit-price ">
            <span class="value">1</span>
            <span class="cents">65</span>
            <span class="eur">€</span>
            <span class="unit-price">3.44 €/kg</span>
        </div>
            
    <span class="vline"></span>
</div>                    		
        
        
        <div class="tags tags_primary bottom_icons">
            
                    </div>
        <div class="tags tags_primary info_icon">
            

        </div>

        <div class="info-notice">
            


                    </div>

        <div class="img">
          <img alt="Pikantais kečups EXTRA LINE, 481 g" src="/uploads/sale/2024/sales_page/08/09//pikantais-kecups-extra-line-00287-0121160021.png?1769004021">
        </div>
        <div class="text       ">
            <div class="title">Pikantais kečups EXTRA LINE, 481 g</div>
            <div class="pack">
                <span class="ptitle"></span>
                <span class="price"> </span>
            </div>
                    </div>
        <div class="infopop">
            <div class="in"><span></span>
                <div class="arrow_top"></div>
                <div class="arrow_bottom"></div>
            </div>
        </div>
    </div>
</div></div>
                </div>
                <div class="lv-load-more" tabindex="0" role="button" aria-label="Vairak" style="display: none;">
                    <div class="lv-loader">
                        <div class="lv-loader__el"></div>
                    </div>
                </div>
            </div>
        </div>
    </div>
</section>

<div class="alcohol-tooltip alcohol-tooltip-box" style="display: none">
    <div class="alcohol-tooltip-container">
        <div>
            <p class="alcohol-tooltip-title">
                ALKOHOLA LIETOŠANAI IR NEGATĪVA IETEKME.
            </p>
            <p class="alcohol-tooltip-description">
                ALKOHOLISKO DZĒRIENU PĀRDOŠANA, IEGĀDE UN NODOŠANA NEPILNGADĪGĀM PERSONĀM IR AIZLIEGTA.
            </p>
        </div>
    </div>
</div>

<div class="alcohol-tooltip energy-drink-tooltip-box" style="display: none">
    <div class="alcohol-tooltip-container">
        <div>
            <p class="alcohol-tooltip-title">
                Enerģijas dzērienu pārmērīgai lietošanai ir negatīva ietekme
            </p>
        </div>
    </div>
</div>

<div id="lv-mobile-filter" class="lv-mobile-filter" style="display: none">
    <div class="lv-mobile-filter__header">
        <div class="lv-mobile-filter__header-top">
            <div class="lv-mobile-filter__title">
                Filtrēt
            </div>
            <button type="button" class="lv-mobile-filter__close" onclick="if (!window.__cfRLUnblockHandlers) return false; $.fancybox.close(); return false;"></button>
        </div>

        <div class="lv-mobile-filter__search">
            <div class="lv-search-input">
                <div class="lv-search-input__icon"></div>
                <input type="text" name="search_mob" class="lv-search-input__element" placeholder="Meklēt produktus" autocomplete="off">
            </div>

            <div class="offers_search_mob">
                <div id="auto_complete_mob" class="bl_shadow"></div>
            </div>
        </div>
    </div>
    <div class="lv-mobile-filter__block lv-mobile-filter__block--pt">

        <div class="selected-filters-preview-list"></div>

        <div class="lv-accordeon-alt sort_mobile">
            <button type="button" class="lv-accordeon-alt__header">
                <div class="lv-accordeon-alt__titles">
                    <div class="lv-accordeon-alt__title">
                        Kārtot pēc
                    </div>
                    <div class="lv-accordeon-alt__subtitle">
                        Jaunākās
                    </div>
                </div>
                <div class="lv-accordeon-alt__arrow"></div>
            </button>
            <div class="lv-accordeon-alt__content" style="display: none;">
                <div class="lv-mobile__form-group">
                    <input id="sort-newest" type="radio" class="lv-mobile__radio-input" name="sort" value="newest" checked="">
                    <label for="sort-newest" class="lv-mobile__radio-label">
                        Jaunākās
                    </label>
                </div>
                <div class="lv-mobile__form-group">
                    <input id="sort-popularity" type="radio" class="lv-mobile__radio-input" name="sort" value="popularity">
                    <label for="sort-popularity" class="lv-mobile__radio-label">
                        Popularitātes
                    </label>
                </div>
                <div class="lv-mobile__form-group">
                    <input id="sort-price-asc" type="radio" class="lv-mobile__radio-input" name="sort" value="price-asc">
                    <label for="sort-price-asc" class="lv-mobile__radio-label">
                        Cenas (zemākā uz augstāko)
                    </label>
                </div>
                <div class="lv-mobile__form-group">
                    <input id="sort-price-desc" type="radio" class="lv-mobile__radio-input" name="sort" value="price-desc">
                    <label for="sort-price-desc" class="lv-mobile__radio-label">
                        Cenas (augstākā uz zemāko)
                    </label>
                </div>
                <div class="lv-mobile__form-group">
                    <input id="sort-discount" type="radio" class="lv-mobile__radio-input" name="sort" value="discount">
                    <label for="sort-discount" class="lv-mobile__radio-label">
                        Atlaides
                    </label>
                </div>
            </div>
        </div>


        <div class="lv-accordeon-alt limit_mobile">
            <button type="button" class="lv-accordeon-alt__header">
                <div class="lv-accordeon-alt__titles">
                    <div class="lv-accordeon-alt__title">
                        Parādīt
                    </div>
                </div>
                <div class="lv-accordeon-alt__arrow"></div>
            </button>
            <div class="lv-accordeon-alt__content" style="display: none;">
                <div class="lv-mobile__form-group">
                    <input id="on-page-15" type="radio" class="lv-mobile__radio-input" name="on-page" value="15" checked="">
                    <label for="on-page-15" class="lv-mobile__radio-label">15</label>
                </div>
                <div class="lv-mobile__form-group">
                    <input id="on-page-30" type="radio" class="lv-mobile__radio-input" name="on-page" value="30">
                    <label for="on-page-30" class="lv-mobile__radio-label">30</label>
                </div>
                <div class="lv-mobile__form-group">
                    <input id="on-page-45" type="radio" class="lv-mobile__radio-input" name="on-page" value="45">
                    <label for="on-page-45" class="lv-mobile__radio-label">45</label>
                </div>
                <div class="lv-mobile__form-group">
                    <input id="on-page-60" type="radio" class="lv-mobile__radio-input" name="on-page" value="60">
                    <label for="on-page-60" class="lv-mobile__radio-label">60</label>
                </div>
                <div class="lv-mobile__form-group">
                    <input id="on-page-75" type="radio" class="lv-mobile__radio-input" name="on-page" value="75">
                    <label for="on-page-75" class="lv-mobile__radio-label">75</label>
                </div>
            </div>
        </div>


        <div class="lv-accordeon-alt">
            <button type="button" class="lv-accordeon-alt__header">
                <div class="lv-accordeon-alt__titles">
                    <div class="lv-accordeon-alt__title">
                        Kategorijas
                    </div>
                </div>
                <div class="lv-accordeon-alt__arrow"></div>
            </button>
            <div class="lv-accordeon-alt__content" style="display: none;">
                <ul class="lv-mobile-categories__list sale_cat">
                                            <li class="lv-mobile-categories__item">
                            <a class="lv-filter-category" data-id="81" data-slug="trendi" onclick="if (!window.__cfRLUnblockHandlers) return false; ga('send', 'event', { eventCategory: 'Akcijos - Kategorijos', eventAction: 'Paspaudimas', eventLabel: 'Trendi - Akcijos'});">
                                <span class="lv-filter-category__icon lv-filter-category__icon_34 lv-filter-category__icon--lg"></span>
                                <span class="lv-filter-category__label">Trendi</span>
                                <span class="lv-filter-category__counter">(14)</span>
                            </a>
                        </li>
                                            <li class="lv-mobile-categories__item">
                            <a class="lv-filter-category" data-id="82" data-slug="zila-cena-zema-cena-ik-dienas" onclick="if (!window.__cfRLUnblockHandlers) return false; ga('send', 'event', { eventCategory: 'Akcijos - Kategorijos', eventAction: 'Paspaudimas', eventLabel: 'Zila cena - zema cena ik dienas! - Akcijos'});">
                                <span class="lv-filter-category__icon lv-filter-category__icon_35 lv-filter-category__icon--lg"></span>
                                <span class="lv-filter-category__label">Zila cena - zema cena ik dienas!</span>
                                <span class="lv-filter-category__counter">(38)</span>
                            </a>
                        </li>
                                            <li class="lv-mobile-categories__item" style="display: none">
                            <a class="lv-filter-category" data-id="68" data-slug="cenu-lideri-ar-paldies" onclick="if (!window.__cfRLUnblockHandlers) return false; ga('send', 'event', { eventCategory: 'Akcijos - Kategorijos', eventAction: 'Paspaudimas', eventLabel: 'Cenu līderi ar PALDIES - Akcijos'});">
                                <span class="lv-filter-category__icon lv-filter-category__icon_28 lv-filter-category__icon--lg"></span>
                                <span class="lv-filter-category__label">Cenu līderi ar PALDIES</span>
                                <span class="lv-filter-category__counter">(298)</span>
                            </a>
                        </li>
                                            <li class="lv-mobile-categories__item">
                            <a class="lv-filter-category" data-id="79" data-slug="zila-cena-zema-cena" onclick="if (!window.__cfRLUnblockHandlers) return false; ga('send', 'event', { eventCategory: 'Akcijos - Kategorijos', eventAction: 'Paspaudimas', eventLabel: 'Zila cena - zema cena ik dienas! - Akcijos'});">
                                <span class="lv-filter-category__icon lv-filter-category__icon_98 lv-filter-category__icon--lg"></span>
                                <span class="lv-filter-category__label">Zila cena - zema cena ik dienas!</span>
                                <span class="lv-filter-category__counter">(40)</span>
                            </a>
                        </li>
                                            <li class="lv-mobile-categories__item">
                            <a class="lv-filter-category" data-id="80" data-slug="trendi" onclick="if (!window.__cfRLUnblockHandlers) return false; ga('send', 'event', { eventCategory: 'Akcijos - Kategorijos', eventAction: 'Paspaudimas', eventLabel: 'Trendi - Akcijos'});">
                                <span class="lv-filter-category__icon lv-filter-category__icon_99 lv-filter-category__icon--lg"></span>
                                <span class="lv-filter-category__label">Trendi</span>
                                <span class="lv-filter-category__counter">(97)</span>
                            </a>
                        </li>
                                            <li class="lv-mobile-categories__item">
                            <a class="lv-filter-category" data-id="56" data-slug="augli-un-darzeni" onclick="if (!window.__cfRLUnblockHandlers) return false; ga('send', 'event', { eventCategory: 'Akcijos - Kategorijos', eventAction: 'Paspaudimas', eventLabel: 'Augļi un dārzeņi - Akcijos'});">
                                <span class="lv-filter-category__icon lv-filter-category__icon_7 lv-filter-category__icon--lg"></span>
                                <span class="lv-filter-category__label">Augļi un dārzeņi</span>
                                <span class="lv-filter-category__counter">(18)</span>
                            </a>
                        </li>
                                            <li class="lv-mobile-categories__item">
                            <a class="lv-filter-category" data-id="60" data-slug="piena-produkti-un-olas" onclick="if (!window.__cfRLUnblockHandlers) return false; ga('send', 'event', { eventCategory: 'Akcijos - Kategorijos', eventAction: 'Paspaudimas', eventLabel: 'Piena produkti un olas - Akcijos'});">
                                <span class="lv-filter-category__icon lv-filter-category__icon_8 lv-filter-category__icon--lg"></span>
                                <span class="lv-filter-category__label">Piena produkti un olas</span>
                                <span class="lv-filter-category__counter">(159)</span>
                            </a>
                        </li>
                                            <li class="lv-mobile-categories__item">
                            <a class="lv-filter-category" data-id="67" data-slug="gala-un-galas-izstradajumi" onclick="if (!window.__cfRLUnblockHandlers) return false; ga('send', 'event', { eventCategory: 'Akcijos - Kategorijos', eventAction: 'Paspaudimas', eventLabel: 'Gaļa un gaļas izstrādājumi - Akcijos'});">
                                <span class="lv-filter-category__icon lv-filter-category__icon_9 lv-filter-category__icon--lg"></span>
                                <span class="lv-filter-category__label">Gaļa un gaļas izstrādājumi</span>
                                <span class="lv-filter-category__counter">(49)</span>
                            </a>
                        </li>
                                            <li class="lv-mobile-categories__item">
                            <a class="lv-filter-category" data-id="49" data-slug="zivis-un-zivju-izstradajumi" onclick="if (!window.__cfRLUnblockHandlers) return false; ga('send', 'event', { eventCategory: 'Akcijos - Kategorijos', eventAction: 'Paspaudimas', eventLabel: 'Zivis un zivju izstrādājumi - Akcijos'});">
                                <span class="lv-filter-category__icon lv-filter-category__icon_10 lv-filter-category__icon--lg"></span>
                                <span class="lv-filter-category__label">Zivis un zivju izstrādājumi</span>
                                <span class="lv-filter-category__counter">(23)</span>
                            </a>
                        </li>
                                            <li class="lv-mobile-categories__item">
                            <a class="lv-filter-category" data-id="65" data-slug="kulinarija" onclick="if (!window.__cfRLUnblockHandlers) return false; ga('send', 'event', { eventCategory: 'Akcijos - Kategorijos', eventAction: 'Paspaudimas', eventLabel: 'Kulinārija - Akcijos'});">
                                <span class="lv-filter-category__icon lv-filter-category__icon_11 lv-filter-category__icon--lg"></span>
                                <span class="lv-filter-category__label">Kulinārija</span>
                                <span class="lv-filter-category__counter">(13)</span>
                            </a>
                        </li>
                                            <li class="lv-mobile-categories__item">
                            <a class="lv-filter-category" data-id="41" data-slug="konditoreja" onclick="if (!window.__cfRLUnblockHandlers) return false; ga('send', 'event', { eventCategory: 'Akcijos - Kategorijos', eventAction: 'Paspaudimas', eventLabel: 'Konditoreja - Akcijos'});">
                                <span class="lv-filter-category__icon lv-filter-category__icon_12 lv-filter-category__icon--lg"></span>
                                <span class="lv-filter-category__label">Konditoreja</span>
                                <span class="lv-filter-category__counter">(13)</span>
                            </a>
                        </li>
                                            <li class="lv-mobile-categories__item">
                            <a class="lv-filter-category" data-id="61" data-slug="maize" onclick="if (!window.__cfRLUnblockHandlers) return false; ga('send', 'event', { eventCategory: 'Akcijos - Kategorijos', eventAction: 'Paspaudimas', eventLabel: 'Maize - Akcijos'});">
                                <span class="lv-filter-category__icon lv-filter-category__icon_13 lv-filter-category__icon--lg"></span>
                                <span class="lv-filter-category__label">Maize</span>
                                <span class="lv-filter-category__counter">(12)</span>
                            </a>
                        </li>
                                            <li class="lv-mobile-categories__item">
                            <a class="lv-filter-category" data-id="63" data-slug="saldeta-partika" onclick="if (!window.__cfRLUnblockHandlers) return false; ga('send', 'event', { eventCategory: 'Akcijos - Kategorijos', eventAction: 'Paspaudimas', eventLabel: 'Saldētā pārtika - Akcijos'});">
                                <span class="lv-filter-category__icon lv-filter-category__icon_14 lv-filter-category__icon--lg"></span>
                                <span class="lv-filter-category__label">Saldētā pārtika</span>
                                <span class="lv-filter-category__counter">(26)</span>
                            </a>
                        </li>
                                            <li class="lv-mobile-categories__item">
                            <a class="lv-filter-category" data-id="54" data-slug="saldumi" onclick="if (!window.__cfRLUnblockHandlers) return false; ga('send', 'event', { eventCategory: 'Akcijos - Kategorijos', eventAction: 'Paspaudimas', eventLabel: 'Saldumi - Akcijos'});">
                                <span class="lv-filter-category__icon lv-filter-category__icon_15 lv-filter-category__icon--lg"></span>
                                <span class="lv-filter-category__label">Saldumi</span>
                                <span class="lv-filter-category__counter">(47)</span>
                            </a>
                        </li>
                                            <li class="lv-mobile-categories__item">
                            <a class="lv-filter-category" data-id="51" data-slug="bakaleja" onclick="if (!window.__cfRLUnblockHandlers) return false; ga('send', 'event', { eventCategory: 'Akcijos - Kategorijos', eventAction: 'Paspaudimas', eventLabel: 'Bakaleja - Akcijos'});">
                                <span class="lv-filter-category__icon lv-filter-category__icon_16 lv-filter-category__icon--lg"></span>
                                <span class="lv-filter-category__label">Bakaleja</span>
                                <span class="lv-filter-category__counter">(82)</span>
                            </a>
                        </li>
                                            <li class="lv-mobile-categories__item">
                            <a class="lv-filter-category" data-id="44" data-slug="konservacija" onclick="if (!window.__cfRLUnblockHandlers) return false; ga('send', 'event', { eventCategory: 'Akcijos - Kategorijos', eventAction: 'Paspaudimas', eventLabel: 'Konservācija - Akcijos'});">
                                <span class="lv-filter-category__icon lv-filter-category__icon_17 lv-filter-category__icon--lg"></span>
                                <span class="lv-filter-category__label">Konservācija</span>
                                <span class="lv-filter-category__counter">(29)</span>
                            </a>
                        </li>
                                            <li class="lv-mobile-categories__item">
                            <a class="lv-filter-category" data-id="57" data-slug="kafija-kakao-teja" onclick="if (!window.__cfRLUnblockHandlers) return false; ga('send', 'event', { eventCategory: 'Akcijos - Kategorijos', eventAction: 'Paspaudimas', eventLabel: 'Kafija, kakao, tēja - Akcijos'});">
                                <span class="lv-filter-category__icon lv-filter-category__icon_18 lv-filter-category__icon--lg"></span>
                                <span class="lv-filter-category__label">Kafija, kakao, tēja</span>
                                <span class="lv-filter-category__counter">(19)</span>
                            </a>
                        </li>
                                            <li class="lv-mobile-categories__item">
                            <a class="lv-filter-category" data-id="47" data-slug="bezalkoholiskie-dzerieni" onclick="if (!window.__cfRLUnblockHandlers) return false; ga('send', 'event', { eventCategory: 'Akcijos - Kategorijos', eventAction: 'Paspaudimas', eventLabel: 'Bezalkoholiskie dzērieni - Akcijos'});">
                                <span class="lv-filter-category__icon lv-filter-category__icon_19 lv-filter-category__icon--lg"></span>
                                <span class="lv-filter-category__label">Bezalkoholiskie dzērieni</span>
                                <span class="lv-filter-category__counter">(47)</span>
                            </a>
                        </li>
                                            <li class="lv-mobile-categories__item">
                            <a class="lv-filter-category" data-id="64" data-slug="mazulu-un-bernu-preces" onclick="if (!window.__cfRLUnblockHandlers) return false; ga('send', 'event', { eventCategory: 'Akcijos - Kategorijos', eventAction: 'Paspaudimas', eventLabel: 'Mazuļu un bērnu preces - Akcijos'});">
                                <span class="lv-filter-category__icon lv-filter-category__icon_20 lv-filter-category__icon--lg"></span>
                                <span class="lv-filter-category__label">Mazuļu un bērnu preces</span>
                                <span class="lv-filter-category__counter">(29)</span>
                            </a>
                        </li>
                                            <li class="lv-mobile-categories__item">
                            <a class="lv-filter-category" data-id="46" data-slug="preces-dzivniekiem" onclick="if (!window.__cfRLUnblockHandlers) return false; ga('send', 'event', { eventCategory: 'Akcijos - Kategorijos', eventAction: 'Paspaudimas', eventLabel: 'Preces dzīvniekiem - Akcijos'});">
                                <span class="lv-filter-category__icon lv-filter-category__icon_21 lv-filter-category__icon--lg"></span>
                                <span class="lv-filter-category__label">Preces dzīvniekiem</span>
                                <span class="lv-filter-category__counter">(11)</span>
                            </a>
                        </li>
                                            <li class="lv-mobile-categories__item">
                            <a class="lv-filter-category" data-id="48" data-slug="apgerbi-un-apavi" onclick="if (!window.__cfRLUnblockHandlers) return false; ga('send', 'event', { eventCategory: 'Akcijos - Kategorijos', eventAction: 'Paspaudimas', eventLabel: 'Apģērbi un apavi - Akcijos'});">
                                <span class="lv-filter-category__icon lv-filter-category__icon_22 lv-filter-category__icon--lg"></span>
                                <span class="lv-filter-category__label">Apģērbi un apavi</span>
                                <span class="lv-filter-category__counter">(5)</span>
                            </a>
                        </li>
                                            <li class="lv-mobile-categories__item">
                            <a class="lv-filter-category" data-id="52" data-slug="kosmetika-un-higiena" onclick="if (!window.__cfRLUnblockHandlers) return false; ga('send', 'event', { eventCategory: 'Akcijos - Kategorijos', eventAction: 'Paspaudimas', eventLabel: 'Kosmētika un higiēna - Akcijos'});">
                                <span class="lv-filter-category__icon lv-filter-category__icon_23 lv-filter-category__icon--lg"></span>
                                <span class="lv-filter-category__label">Kosmētika un higiēna</span>
                                <span class="lv-filter-category__counter">(146)</span>
                            </a>
                        </li>
                                            <li class="lv-mobile-categories__item">
                            <a class="lv-filter-category" data-id="55" data-slug="sadzives-kimija" onclick="if (!window.__cfRLUnblockHandlers) return false; ga('send', 'event', { eventCategory: 'Akcijos - Kategorijos', eventAction: 'Paspaudimas', eventLabel: 'Sadzīves ķīmija - Akcijos'});">
                                <span class="lv-filter-category__icon lv-filter-category__icon_24 lv-filter-category__icon--lg"></span>
                                <span class="lv-filter-category__label">Sadzīves ķīmija</span>
                                <span class="lv-filter-category__counter">(194)</span>
                            </a>
                        </li>
                                            <li class="lv-mobile-categories__item">
                            <a class="lv-filter-category" data-id="62" data-slug="rupniecibas-preces" onclick="if (!window.__cfRLUnblockHandlers) return false; ga('send', 'event', { eventCategory: 'Akcijos - Kategorijos', eventAction: 'Paspaudimas', eventLabel: 'Rūpniecības preces - Akcijos'});">
                                <span class="lv-filter-category__icon lv-filter-category__icon_25 lv-filter-category__icon--lg"></span>
                                <span class="lv-filter-category__label">Rūpniecības preces</span>
                                <span class="lv-filter-category__counter">(50)</span>
                            </a>
                        </li>
                                            <li class="lv-mobile-categories__item">
                            <a class="lv-filter-category" data-id="58" data-slug="augi-un-to-kopsanas-lidzekli" onclick="if (!window.__cfRLUnblockHandlers) return false; ga('send', 'event', { eventCategory: 'Akcijos - Kategorijos', eventAction: 'Paspaudimas', eventLabel: 'Augi un to kopšanas līdzekļi - Akcijos'});">
                                <span class="lv-filter-category__icon lv-filter-category__icon_26 lv-filter-category__icon--lg"></span>
                                <span class="lv-filter-category__label">Augi un to kopšanas līdzekļi</span>
                                <span class="lv-filter-category__counter">(17)</span>
                            </a>
                        </li>
                                            <li class="lv-mobile-categories__item">
                            <a class="lv-filter-category" data-id="71" data-slug="veganisks" onclick="if (!window.__cfRLUnblockHandlers) return false; ga('send', 'event', { eventCategory: 'Akcijos - Kategorijos', eventAction: 'Paspaudimas', eventLabel: 'Vegānisks - Akcijos'});">
                                <span class="lv-filter-category__icon lv-filter-category__icon_31 lv-filter-category__icon--lg"></span>
                                <span class="lv-filter-category__label">Vegānisks</span>
                                <span class="lv-filter-category__counter">(1)</span>
                            </a>
                        </li>
                                    </ul>
            </div>
        </div>

    </div>
    <div class="lv-mobile-filter__block">
                                                        <div class="lv-mobile-filter__category lv-mobile-filters__item">
                    <a class="lv-filter-category" data-id="18" role="button">
                        <span class="lv-filter-category__label">Ar PALDIES karti</span>
                        <div class="lv-filter-category__paldies"></div>
                    </a>
                </div>
                                                                    <div class="lv-mobile-filter__category lv-mobile-filters__item">
                    <a class="lv-filter-category" data-id="15" role="button">
                        <span class="lv-filter-category__label">Jaunums</span>
                    </a>
                </div>
                    
                                                                            <div class="lv-mobile-filter__category lv-mobile-categories__item">
                    <a class="lv-filter-category" role="button" data-id="68" data-slug="cenu-lideri-ar-paldies" onclick="if (!window.__cfRLUnblockHandlers) return false; ga('send', 'event', { eventCategory: 'Akcijos - Kategorijos', eventAction: 'Paspaudimas', eventLabel: 'Cenu līderi ar PALDIES - Akcijos'});">
                        <span class="lv-filter-category__label">Cenu līderi ar PALDIES</span>
                                            </a>
                </div>
                                                <div class="lv-mobile-filter__category lv-mobile-categories__item">
                    <a class="lv-filter-category" role="button" data-id="79" data-slug="zila-cena-zema-cena" onclick="if (!window.__cfRLUnblockHandlers) return false; ga('send', 'event', { eventCategory: 'Akcijos - Kategorijos', eventAction: 'Paspaudimas', eventLabel: 'Zila cena - zema cena ik dienas! - Akcijos'});">
                        <span class="lv-filter-category__label">Zila cena - zema cena ik dienas!</span>
                                            </a>
                </div>
                                                <div class="lv-mobile-filter__category lv-mobile-categories__item">
                    <a class="lv-filter-category" role="button" data-id="80" data-slug="trendi" onclick="if (!window.__cfRLUnblockHandlers) return false; ga('send', 'event', { eventCategory: 'Akcijos - Kategorijos', eventAction: 'Paspaudimas', eventLabel: 'Trendi - Akcijos'});">
                        <span class="lv-filter-category__label">Trendi</span>
                                            </a>
                </div>
                                                                                                                                                                                                                                                                                                                                                                                                                                                            </div>
    <div class="lv-mobile-filter__block lv-mobile-filter__block--mb-lg">
        <div class="lv-mobile-filter__block-title">
            Veikala formāts
        </div>
        <div class="lv-filter-x">
            <ul class="lv-filter-x__list">
                <li class="lv-filter-x__item">
                    <div class="shop_mobile shop-x lv-filter-x__toggle lv-filter-x__toggle--lg">
                        <div class="lv-filter-x__toggle__icon"></div>
                    </div>
                </li>
                <li class="lv-filter-x__item">
                    <div class="shop_mobile  shop-xx lv-filter-x__toggle lv-filter-x__toggle--lg">
                        <div class="lv-filter-x__toggle__icon"></div>
                        <div class="lv-filter-x__toggle__icon"></div>
                    </div>
                </li>
                <li class="lv-filter-x__item">
                    <div class="shop_mobile  shop-xxx lv-filter-x__toggle lv-filter-x__toggle--lg">
                        <div class="lv-filter-x__toggle__icon"></div>
                        <div class="lv-filter-x__toggle__icon"></div>
                        <div class="lv-filter-x__toggle__icon"></div>
                    </div>
                </li>
            </ul>
        </div>
    </div>

    <div class="lv-mobile-filter__block">
        <div class="lv-mobile-filter__block-title">
            Citi filtri
        </div>

                                    <div class="lv-mobile-filter__category lv-mobile-filters__item">
                    <a class="lv-filter-category" data-id="20">
                                                    <span class="lv-filter-category__label"> Latvijas produkti</span>
                            <div class="lv-filter-category__latvia"></div>
                                            </a>
                </div>
                                                                    <div class="lv-mobile-filter__category lv-mobile-filters__item">
                    <a class="lv-filter-category" data-id="17">
                                                    <span class="lv-filter-category__label">Meistara Marka</span>
                                            </a>
                </div>
                                            </div>
    <div class="lv-mobile-filter__footer">
        <button type="button" class="lv-button lv-button--blue lv-button--fullwidth lv-mobile-filter__apply">
            Atlasīt
        </button>
        <button type="button" class="lv-button lv-button--lightblue lv-button--fullwidth lv-mobile-filter__clear">
            Nodzēst filtru
        </button>
    </div>
</div>


<div id="lv-popup-offer" class="lv-popup-offer" style="display: none">
    <button type="button" class="lv-modal-close" onclick="if (!window.__cfRLUnblockHandlers) return false; $.fancybox.close(); return false;" tabindex="0" role="button" aria-label="Aizvērt"></button>
    <div class="lv-popup-offer__content">
        <div class="lv-row-md">
            <div class="lv-col-md">
                <div class="lv-popup-offer__col lv-popup-offer__col--left">
                    <div class="lv-popup-offer__price_wrapper"></div>
                    <div class="lv-popup-offer__img-wrap"></div>
                </div>
            </div>
            <div class="lv-col-md">
                <div class="lv-popup-offer__col lv-popup-offer__col--right">
                    <div class="lv-popup-offer__days-left">
                        <div class="lv-popup-offer__days-left-counter"></div>
                        <div class="lv-popup-offer__days-left-label"></div>
                    </div>
                    <div class="lv-popup-offer__name"></div>
                    <div class="lv-popup-offer__details"></div>
                    <div class="lv-popup-offer__icons">
                        <ul class="lv-popup-offer__icons-list"></ul>
                    </div>
                </div>
            </div>
        </div>
    </div>
    <div class="lv-popup-offer__footer">
        <div class="lv-popup-offer__footer-col lv-popup-offer__footer-col--left">
            Piedāvājums spēkā: <span class="lv-popup-offer__dates_interval"></span>
        </div>
        <div class="lv-popup-offer__footer-col lv-popup-offer__footer-col--right">
            <div class="lv-popup-offer__store-label">
                Veikalos:
            </div>
            <div class="lv-popup-offer__store-icons">
                <div class="lv-popup-offer__store-icon lv-popup-offer__store-icon--one"></div>
                <div class="lv-popup-offer__store-icon lv-popup-offer__store-icon--three"></div>
                <div class="lv-popup-offer__store-icon lv-popup-offer__store-icon--three"></div>
            </div>
        </div>
    </div>
</div>

<style>
    .info-notice-circle-1 {
        border-radius: 500px;
        color: #fff;
        background: #004A90;
        width: 80px;
        height: 80px;
        background-size: cover;
        background-repeat: no-repeat;
        background-position: center center;
        display: flex;
        align-items: center;
        justify-content: center;
        z-index: 6;
        position: absolute;
    }

    .info-notice-circle-wrapper {
        text-align: center;
    }

    .info-notice-circle-title {
        font-size: 22px;
        line-height: 1.3;
        font-weight: 600;
        margin-top: -7px;
    }

    .info-notice-circle-text {
        font-size: 10px;
        line-height: 1.3;
        font-weight: 600;
    }
</style>

<script type="text/javascript">
    String.prototype.slugify = function (separator = "-") {
        return this
            .toString()
            .normalize('NFD')                   // split an accented letter in the base letter and the acent
            .replace(/[\u0300-\u036f]/g, '')   // remove all previously split accents
            .toLowerCase()
            .trim()
            .replace(/[^a-z0-9 ]/g, '')   // remove all chars not letters, numbers and spaces (to be replaced)
            .replace(/\s+/g, separator);
    };


    var filterClick = false;
    window.disableOffers = true;
    var previousSearchValue = '';
    var wait = (
        function() {
            var timer = 0;
            return function(callback, ms) {
                clearTimeout (timer);
                timer = setTimeout(callback, ms);
            }
        }
    )();

    function getUrlWithFilters(url) {
        let $form = $('#sales-filters-form');
        let strParams = $form.serialize();
        if (strParams == 'search=') {
            strParams = '';
        }

        return url + '?' + strParams;
    }

    function submitForm() {
        let $form = $('#sales-filters-form');
        let $totalProducts = $("#totalProducts");
        var $button = $('.lv-load-more');
        $button.attr('loading', '1');
        $button.addClass('loading');
        $('.alcohol-tooltip').hide();

        console.log( $form.serialize() );

        let categoriesStr = '';
        $form.find('input[name="categories[]"]').each(function() {
            if ($(this).is(':checked')) {
                categoriesStr = categoriesStr + $(this).val() + ',';
            }
        });
        console.log(categoriesStr);
        if (categoriesStr == '42,') {
            $('#offers-title').hide();
        } else {
            $('#offers-title').show();
        }


        $.ajax({
            url: getUrlWithFilters($('#ajax-load-more-url').val()) + '&ajax=1',
            method: 'GET',
            cache: false,
            success: function (data) {
                let $offers = $(data.html);
                $("#offers_container").html(data.html);
                let offsetCount = $("#offers_container .offer-item").length;

                $('#totalProducts').val(data.totalItems);

                $button.show();
                $button.removeAttr('loading');
                $button.removeClass('loading');

                offers.prototype.initInfoBtn($(".offers .item .info"));
                offers.prototype.initInfoBtn($(".offers .item .tag"));

                initOffersPopup('.lv-offers-list .offers .item', '#lv-popup-offer');
                addCircleToOffers();

                if (offsetCount > 0) {
                    $('.offers-not-found').hide();
                } else {
                    $('.offers-not-found').show();
                }
            },
        });
    }

    function clearFilters() {
        // Shops
        $('.shop.shop-x input[type="checkbox"]').prop('checked', false).attr('checked', '');
        $('.shop.shop-x').removeClass('lv-filter-x__toggle--active');

        $('.shop.shop-xx input[type="checkbox"]').prop('checked', false).attr('checked', '');
        $('.shop.shop-xx').removeClass('lv-filter-x__toggle--active');

        $('.shop.shop-xxx input[type="checkbox"]').prop('checked', false).attr('checked', '');
        $('.shop.shop-xxx').removeClass('lv-filter-x__toggle--active');

        // Categories
        $('.lv-filter-categories .lv-filter-category').removeClass('lv-filter-category__toggle--active');
        $('.lv-filter-categories .lv-filter-category input[type="checkbox"]').prop('checked', false).attr('checked', '');

        // Filters
        $('.lv-filter-filters .lv-filter-category').removeClass('lv-filter-category__toggle--active');
        $('.lv-filter-filters .lv-filter-category input[type="checkbox"]').prop('checked', false).attr('checked', '');

        $('.shop_mobile.shop-x').removeClass('lv-filter-x__toggle--active');
        $('.shop_mobile.shop-xx').removeClass('lv-filter-x__toggle--active');
        $('.shop_mobile.shop-xxx').removeClass('lv-filter-x__toggle--active');

        $('.lv-mobile-categories__item .lv-filter-category').removeClass('lv-filter-category__toggle--active');
        $('.lv-mobile-filters__item .lv-filter-category').removeClass('lv-filter-category__toggle--active');

    }

    function showHiddenOffersAtBottom() {
        $('#offers_container .item-hidden').each(function(key, item) {
            let html = $(item).html();
            console.log(html);
            $("#offers_container").append('<div class="col-third offer-item restored-item">' + html + '</div>');
            $(this).remove();
        });
    }

    function isOnScreen(elem) {
        // if the element doesn't exist, abort
        if (elem.length == 0) {
            return;
        }

        var $window = $(window);
        var viewport_top = $window.scrollTop();
        var viewport_height = $window.height();
        var viewport_bottom = viewport_top + viewport_height;
        var $elem = $(elem);
        var top = $elem.offset().top;
        var height = $elem.height();
        var bottom = top + height;

        return (top >= viewport_top && top < viewport_bottom) ||
            (bottom > viewport_top && bottom <= viewport_bottom) ||
            (height > viewport_height && top <= viewport_top && bottom >= viewport_bottom);
    }

    function addCircleToOffers() {
      $('#offers_container .item').each(function () {
        let $item = $(this);
        if ($item.find('.info-notice-circle-1').length === 0) {
          let $tooltip = $item.find('.tags.info_icon .tag');
          //console.log($tooltip.length, $tooltip.data('alt'));
          if ($tooltip.length && $tooltip.data('alt').indexOf('NO TREŠDIENAS') !== -1) {
            let tooltipText = $tooltip.data('alt');
            let tooltipParts = tooltipText.split('<br>');
            let tooltipDate = tooltipParts[0].replace('NO TREŠDIENAS ', '');
            console.log(tooltipDate);
            $item.append(
                '<div class="info-notice-circle-1" style="right: 148px; top: 121px;">' +
                '    <div class="info-notice-circle-wrapper">' +
                '      <div class="info-notice-circle-title">NO</div>' +
                '      <div class="info-notice-circle-text">TREŠDIENAS<br>' + tooltipDate + '</div>' +
                '    </div>' +
                '</div>'
            );
          }
        }
      });
    }

    $(document).ready(function () {
        if (location.href.indexOf('#') > -1) {
            let urlParts = location.href.split('#');

            if (typeof urlParts[1] !== 'undefined' && urlParts[1].length > 0) {
                let filtersList = [urlParts[1]];
                if (urlParts[1].indexOf(';') > -1) {
                    filtersList = urlParts[1].split(';');
                }

                setTimeout(function () {
                    let filterTitle = '';

                    filtersList.forEach(function (value, index) {
                        let found = false;
                        filterTitle = value;
                        filterTitle = filterTitle.replace(/ /g, '-');
                        filterTitle = filterTitle.toLowerCase();

                        $('a.lv-filter-category').each(function () {
                            if (!found) {
                                let title = $(this).find('.lv-filter-category__label').html();
                                title = title.trim();

                                let titleURI = title.replace(/ /g, '-');
                                titleURI = encodeURI(titleURI);
                                titleURI = titleURI.toLowerCase();

                                if (filterTitle == titleURI) {
                                    title = titleURI;
                                } else {
                                    title = title.slugify('-');
                                }

                                if (filterTitle == title) {
                                    let $button = $(this);
                                    found = true;

                                    setTimeout(function () {
                                        $button.click();
                                    }, 100 + (index * 200));
                                }
                            }
                        });
                    });
                }, 400);
            }
        }

        $('.lv-filter-modal-trigger').on('click', function (e) {
            if (!filterClick) {
                console.log('filter init');
                clearFilters();
            }

            filterClick = true;
        });

        addCircleToOffers();

        $('input[name="search"]').on('keyup', function (e) {
            let $input = $(this);
            let $form = $('#sales-filters-form');
            let $autoCompleteBlock = $('#auto_complete');

            if(e.which != 13) {
                wait(function () {
                    if ($input.val().length > 2) {
                        $.ajax({
                            url: $('#ajax-search-products-url').val(),
                            data: {word: $input.val()},
                            method: 'POST',
                            cache: false,
                            success: function (response) {
                                if (response.success) {
                                    previousSearchValue = $input.val();
                                    $autoCompleteBlock.empty();
                                    $autoCompleteBlock.removeClass('item-selected');
                                    $autoCompleteBlock.append(response.html);

                                    $autoCompleteBlock.css({
                                        'top': $input.position().top + $input.height() + 3,
                                        'display': 'block'
                                    });

                                    $('html').click(function () {
                                        $autoCompleteBlock.css('display', 'none');
                                        if (!$autoCompleteBlock.hasClass('item-selected')) {
                                            $('input[name="search"]').val('');
                                        }
                                    });
                                }
                            },
                        });
                    } else if ($input.val() == '' && previousSearchValue != $input.val()) {
                        submitForm();
                        previousSearchValue = '';
                    }
                }, 900);
            }
        });

        $('input[name="search_mob"]').on('keyup', function (e) {
            let $input = $(this);
            let $form = $('#sales-filters-form');
            let $autoCompleteBlock = $('#auto_complete_mob');

            if (e.which != 13) {
                wait(function () {
                    if ($input.val().length > 2) {
                        $.ajax({
                            url: $('#ajax-search-products-url').val(),
                            data: {word: $input.val()},
                            method: 'POST',
                            cache: false,
                            success: function (response) {
                                if (response.success) {
                                    previousSearchValue = $input.val();
                                    $autoCompleteBlock.empty();
                                    $autoCompleteBlock.append(response.html);

                                    $autoCompleteBlock.css({
                                        'top': $input.position().top + $input.height() + 3,
                                        'display': 'block'
                                    });

                                    /*$('html').click(function() {
                                        $autoCompleteBlock.css('display', 'none');
                                        $('input[name="search_mob"]').val('');
                                    });*/
                                }
                            },
                        });
                    } else if ($input.val() == '' && previousSearchValue != $input.val()) {
                        submitForm();
                        previousSearchValue = '';
                        $autoCompleteBlock.hide();
                    }
                }, 900);
            }
        });

        $('input[name="search"]').on('keypress', function (e) {
            if(e.which == 13) {
                let value = $(this).val();
                let $inputSearch = $('input[name="search"]');
                let $searchInputBlock = $inputSearch.closest('.sales-filter-search').find('#search_inputs');
                let $filtersPreviewList = $('.selected-filters-preview-list');

                previousSearchValue = '';
                clearFilters();
                $('#auto_complete').hide();

                let exists = false;
                let nameId = 0;
                $searchInputBlock.find('input').each(function (i, item) {
                    if ($(item).val() == value) {
                        exists = true;
                    }

                    nameId++;
                });

                nameId += 1;

                if (!exists && value != '') {
                    let $newSearchInput = $('<input/>', {name: 'search' + nameId, value: value});
                    $searchInputBlock.append($newSearchInput);

                    $filtersPreviewList.append(
                        '<div class="filter-preview-item filter-preview-search" data-id="search' + nameId + '">' +
                        '    <div class="filter-preview-title">' + value + '</div>' +
                        '    <div class="filter-remove-icon" tabindex="0" role="button" aria-label="Remove"></div>' +
                        '</div>'
                    );
                }

                $inputSearch.val('');

                submitForm();

                e.preventDefault();
                return false;
            }
        });

        $('input[name="search_mob"]').on('keypress', function (e) {
            if(e.which == 13) {
                let value = $(this).val();
                let $inputSearch = $('input[name="search"]');
                let $searchInputBlock = $inputSearch.closest('.sales-filter-search').find('#search_inputs');
                let $filtersPreviewList = $('.lv-mobile-filter__block .selected-filters-preview-list');

                previousSearchValue = '';
                clearFilters();

                let exists = false;
                let nameId = 0;
                $searchInputBlock.find('input').each(function (i, item) {
                    if ($(item).val() == value) {
                        exists = true;
                    }

                    nameId++;
                });

                nameId += 1;

                if (!exists && value != '') {
                    let $newSearchInput = $('<input/>', {name: 'search' + nameId, value: value});
                    $searchInputBlock.append($newSearchInput);

                    $filtersPreviewList.append(
                        '<div class="filter-preview-item filter-preview-search" data-id="search' + nameId + '">' +
                        '    <div class="filter-preview-title">' + value + '</div>' +
                        '    <div class="filter-remove-icon" tabindex="0" role="button" aria-label="Remove"></div>' +
                        '</div>'
                    );
                }

                $inputSearch.val('');
                $('input[name="search_mob"]').val('');

                //submitForm();

                //$('input[name="search"]').val('');
                //$('input[name="search_mob"]').val('');
                $('#auto_complete_mob').hide();

                //$.fancybox.close();
            }
        });

        $('body').on('click', ".ac_item_p", function() {
            let $this = $(this);
            let value = $this.data('title');
            let $inputSearch = $('input[name="search"]');
            let $searchInputBlock = $inputSearch.closest('.sales-filter-search').find('#search_inputs');
            let $filtersPreviewList = null;

            if ($this.closest('#auto_complete_mob').length) {
                $this.closest('#auto_complete_mob').addClass('item-selected');
                //$inputSearch.val(value);
                $inputSearch.val('');
                $filtersPreviewList = $('.lv-mobile-filter__block .selected-filters-preview-list');
            } else {
                $this.closest('#auto_complete').addClass('item-selected');
                $inputSearch.val('');
                $filtersPreviewList = $('.selected-filters-preview-list');
            }

            let exists = false;
            let nameId = 0;
            $searchInputBlock.find('input').each(function (i, item) {
                if ($(item).val() == value) {
                    exists = true;
                }

                nameId++;
            });

            nameId += 1;

            if (!exists) {
                let $newSearchInput = $('<input/>', {name: 'search' + nameId, value: value});
                $searchInputBlock.append($newSearchInput);

                $filtersPreviewList.append(
                    '<div class="filter-preview-item filter-preview-search" data-id="search' + nameId + '">' +
                    '    <div class="filter-preview-title">' + value + '</div>' +
                    '    <div class="filter-remove-icon" tabindex="0" role="button" aria-label="Remove"></div>' +
                    '</div>'
                );
            }

            if ($this.closest('#auto_complete_mob').length) {
                //$.fancybox.close();
                $('.offers_search_mob').show();
                $('input[name="search_mob"]').val('');

                $this.closest('#auto_complete_mob').hide();

                /*setTimeout(function () {
                    $('input[name="search_mob"]').val('');
                    $('input[name="search"]').val('');
                }, 3000);*/
            } else {
                ga('send', 'event', {eventCategory: 'Filtras', eventAction: 'Search', eventLabel: value});

                // Clear all filters
                clearFilters();
                submitForm();
            }
        });
        $('body').on('keydown', ".ac_item_p", function(e) {
            if (e.keyCode == 13) $(this).trigger('click');
        });

        $('body').on('click', ".ac_item_c", function() {
            let $this = $(this);
            let id = $this.data('id');
            let $value = $this.data('title');
            let $inputSearch = $('input[name="search"]');

            if ($this.closest('#auto_complete_mob').length) {
                $this.closest('#auto_complete_mob').addClass('item-selected');
            } else {
                $this.closest('#auto_complete').addClass('item-selected');
            }

            $inputSearch.val('');

            if ($this.closest('#auto_complete_mob').length) {
                $.fancybox.close();
                $('.offers_search_mob').show();
                $('input[name="search_mob"]').val('');
            }

            previousSearchValue = '';
            clearFilters();
            $('#sales-filters-form .lv-filter-category.category_' + id).click();
        });
        $('body').on('keydown', ".ac_item_c", function(e) {
            if (e.keyCode == 13) $(this).trigger('click');
        });

        $('.lv-filter-offers.offers_nav .lv-filter-categories .lv-filter-category').on('click', function () {
            let $filter = $(this);
            let $checkbox = $filter.find('input[type="checkbox"]');

            if ($checkbox.length) {
                if ($checkbox.is(':checked')) {
                    $checkbox.prop('checked', false).attr('checked', '');
                    $filter.removeClass('lv-filter-category__toggle--active');
                }
                else {
                    $checkbox.prop('checked', true).attr('checked', 'checked');
                    $filter.addClass('lv-filter-category__toggle--active');
                }

                submitForm();
            }
        });
        $('.lv-filter-offers.offers_nav .lv-filter-categories .lv-filter-category').on('keydown', function (e) {
            if (e.keyCode == 13) $(this).trigger('click');
        });

        $('.lv-filter-offers.offers_nav .lv-filter-filters .lv-filter-category').on('click', function () {
            let $filter = $(this);
            let $checkbox = $filter.find('input[type="checkbox"]');
            let checked = $checkbox.is(':checked');

            $filter.closest('.lv-filter-filters').find('.lv-filter-category').removeClass('lv-filter-category__toggle--active');
            $filter.closest('.lv-filter-filters').find('.lv-filter-category input[type="checkbox"]').prop('checked', false).attr('checked', '');

            if ($checkbox.length) {
                if (!checked) {
                    $checkbox.prop('checked', true).attr('checked', 'checked');
                    $filter.addClass('lv-filter-category__toggle--active');
                }

                submitForm();
            }
        });
        $('.lv-filter-offers.offers_nav .lv-filter-filters .lv-filter-category').on('keydown', function (e) {
            if (e.keyCode == 13) $(this).trigger('click');
        });

        $('.selected-filters-preview-list').on('click', '.filter-preview-item .filter-remove-icon', function () {
            let $item = $(this).closest('.filter-preview-item')

            if ($item.hasClass('filter-preview-search')) {
                $('input[name="' + $item.data('id') + '"]').remove();
            }

            $item.remove();
            submitForm();
        });
        $('.selected-filters-preview-list').on('keydown', '.filter-preview-item .filter-remove-icon', function (e) {
            if (e.keyCode == 13) $(this).trigger('click');
        });

        $('#filter_sort_by').on('change', function () {
            var value = $(this).val();
            $('input[name="sort_by"]').val(value);
            $('#sort-' + value).prop('checked', true).attr('checked', 'checked');
            var title = $('.sort_mobile input[checked="checked"]').next().html().trim();
            $('.sort_mobile .lv-accordeon-alt__subtitle').html(title);
            submitForm();
        });

        $('#filter_limit').on('change', function () {
            var value = $(this).val();
            $('input[name="limit"]').val(value);
            $('#on-page-' + value).prop('checked', true).attr('checked', 'checked');
            submitForm();
        });

        $('.shop').click(function () {
            let $filter = $(this);
            let $checkbox = $filter.find('input[type="checkbox"]');

            if ($checkbox.length) {
                if (!$(this).hasClass("lv-filter-x__toggle--active")) {
                    $(this).addClass("lv-filter-x__toggle--active");
                    $(this).find('input').attr('checked', 'checked').prop('checked', true);
                } else {
                    $(this).removeClass("lv-filter-x__toggle--active");
                    $(this).find('input').attr('checked', '').prop('checked', false);
                }
            }

            submitForm();
        });
        $('.shop').on('keydown', function (e) {
            if (e.keyCode == 13) $(this).trigger('click');
        });

        // Mobile filters
        $('.sort_mobile input[type="radio"]').on('change', function () {
            var value = $(this).val();
            var title = $(this).next().html().trim();
            $('.sort_mobile .lv-accordeon-alt__subtitle').html(title);

            var $block = $(this).closest('.lv-accordeon-alt');
            setTimeout(function () {
                $block.removeClass('lv-accordeon-alt--active');
                $block.find('.lv-accordeon-alt__content').hide();
            }, 200);
        });

        $('.limit_mobile input[type="radio"]').on('change', function () {
            var value = $(this).val();

            var $block = $(this).closest('.lv-accordeon-alt');
            setTimeout(function () {
                $block.removeClass('lv-accordeon-alt--active');
                $block.find('.lv-accordeon-alt__content').hide();
            }, 200);
        });

        $('.shop_mobile').on('click', function () {
            if (!$(this).hasClass("lv-filter-x__toggle--active")) {
                $(this).addClass("lv-filter-x__toggle--active");
            } else {
                $(this).removeClass("lv-filter-x__toggle--active");
            }
        });

        $('.lv-mobile-filter .lv-mobile-categories__item .lv-filter-category').on('click', function () {
            let checked = $(this).hasClass('lv-filter-category__toggle--active');
            $('.lv-mobile-filter .lv-filter-category').removeClass('lv-filter-category__toggle--active');

            if (!checked) {
                $(this).addClass('lv-filter-category__toggle--active');
            }

            /*if ($(this).hasClass('lv-filter-category__toggle--active')) {
                $(this).removeClass('lv-filter-category__toggle--active');
            }
            else {
                $(this).addClass('lv-filter-category__toggle--active');
            }*/

            var $block = $(this).closest('.lv-accordeon-alt');
            setTimeout(function () {
                $block.removeClass('lv-accordeon-alt--active');
                $block.find('.lv-accordeon-alt__content').hide();
            }, 200);
        });

        $('.lv-mobile-filter .lv-mobile-filters__item .lv-filter-category').on('click', function () {
            let checked = $(this).hasClass('lv-filter-category__toggle--active');
            $(this).closest('.lv-mobile-filter__block').find('.lv-filter-category').removeClass('lv-filter-category__toggle--active');

            if (!checked) {
                $(this).addClass('lv-filter-category__toggle--active');
            }

            /*if ($(this).hasClass('lv-filter-category__toggle--active')) {
                $(this).removeClass('lv-filter-category__toggle--active');
            }
            else {
                $(this).addClass('lv-filter-category__toggle--active');
            }*/

            var $block = $(this).closest('.lv-accordeon-alt');
            setTimeout(function () {
                $block.removeClass('lv-accordeon-alt--active');
                $block.find('.lv-accordeon-alt__content').hide();
            }, 200);
        });

        $('.lv-mobile-filter__apply').click(function () {
            let sort = $('.sort_mobile input[name="sort"]:checked').val();
            $('input[name="sort_by"]').val(sort);
            //$('#filter_sort_by').val(sort);

            let limit = $('.limit_mobile input[name="on-page"]:checked').val();
            $('input[name="limit"]').val(limit);
            //$('#filter_limit').val(limit);

            if ($('.shop_mobile.shop-x.lv-filter-x__toggle--active').length) {
                $('.shop.shop-x input[type="checkbox"]').prop('checked', true).attr('checked', 'checked');
                $('.shop.shop-x').addClass('lv-filter-x__toggle--active');
            } else {
                $('.shop.shop-x input[type="checkbox"]').prop('checked', false).attr('checked', '');
                $('.shop.shop-x').removeClass('lv-filter-x__toggle--active');
            }

            if ($('.shop_mobile.shop-xx.lv-filter-x__toggle--active').length) {
                $('.shop.shop-xx input[type="checkbox"]').prop('checked', true).attr('checked', 'checked');
                $('.shop.shop-xx').addClass('lv-filter-x__toggle--active');
            } else {
                $('.shop.shop-xx input[type="checkbox"]').prop('checked', false).attr('checked', '');
                $('.shop.shop-xx').removeClass('lv-filter-x__toggle--active');
            }

            if ($('.shop_mobile.shop-xxx.lv-filter-x__toggle--active').length) {
                $('.shop.shop-xxx input[type="checkbox"]').prop('checked', true).attr('checked', 'checked');
                $('.shop.shop-xxx').addClass('lv-filter-x__toggle--active');
            } else {
                $('.shop.shop-xxx input[type="checkbox"]').prop('checked', false).attr('checked', '');
                $('.shop.shop-xxx').removeClass('lv-filter-x__toggle--active');
            }

            // Categories
            $('.lv-filter-categories .lv-filter-category').removeClass('lv-filter-category__toggle--active');
            $('.lv-filter-categories .lv-filter-category input[type="checkbox"]').prop('checked', false).attr('checked', '');

            $('.lv-mobile-categories__item .lv-filter-category.lv-filter-category__toggle--active').each(function () {
                let id = $(this).data('id');
                let $category = $('.lv-filter-categories .lv-filter-category.category_' + id);
                $category.addClass('lv-filter-category__toggle--active');
                $category.find('input[type="checkbox"]').prop('checked', true).attr('checked', 'checked');
            });

            // Filters
            $('.lv-filter-filters .lv-filter-category').removeClass('lv-filter-category__toggle--active');
            $('.lv-filter-filters .lv-filter-category input[type="checkbox"]').prop('checked', false).attr('checked', '');

            $('.lv-mobile-filters__item .lv-filter-category.lv-filter-category__toggle--active').each(function () {
                let id = $(this).data('id');
                let $category = $('.lv-filter-filters .lv-filter-category.filter_' + id);
                $category.addClass('lv-filter-category__toggle--active');
                $category.find('input[type="checkbox"]').prop('checked', true).attr('checked', 'checked');
            });

            $.fancybox.close();
            submitForm();
        });


        $('.lv-filter__clear, .lv-mobile-filter__clear').click(function () {
            $('input[name="search_mob"]').val('');
            $('input[name="search"]').val('');

            $('#search_inputs input').remove();
            $('.selected-filters-preview-list .filter-preview-item').remove();

            clearFilters();

            if ($(this).hasClass('lv-mobile-filter__clear')) {
                $.fancybox.close();
            }

            submitForm();
        });
        $('.lv-filter__clear').keydown(function (e) {
            if (e.keyCode == 13) $(this).trigger('click');
        });

    });

    $(window).scroll(function() {
        //let $offersBlock = $('.lv-offers');
        let $loadMoreButton = $('.lv-load-more');

        let absoluteScrollPosition = $loadMoreButton.position().top; // + $offersBlock.position().top

        //console.log($(window).scrollTop() + $(window).height());
        //console.log(absoluteScrollPosition);
        //console.log('==============================================');

        if (($(window).scrollTop() + $(window).height()) > absoluteScrollPosition) {
            if (typeof $('.lv-load-more').attr('loading') === "undefined") {
                $(".lv-load-more .lv-loader").click();
            }
        }

        let foundAlcohol = false;

        /*$('.item.product-alcohol').each(function(key, item) {
            if (isOnScreen(item)) {
                $('.alcohol-tooltip.alcohol-tooltip-box').show();
                foundAlcohol = true;
                return false;
            } else {
                $('.alcohol-tooltip.alcohol-tooltip-box').hide();
            }
        });*/

        // Show energy drink bottom popup
        /*if (!foundAlcohol) {
            $('.item.product-energy-drink').each(function (key, item) {
                if (isOnScreen(item)) {
                    $('.alcohol-tooltip.energy-drink-tooltip-box').show();
                    return false;
                } else {
                    $('.alcohol-tooltip.energy-drink-tooltip-box').hide();
                }
            });
        }*/
    });

    $(".lv-load-more .lv-loader").click(function () {
        var $button = $('.lv-load-more');
        var offsetCount = $("#offers_container .offer-item").length;
        var totalProducts = parseInt($("#totalProducts").val());

        $button.attr('loading', '1');

        if (offsetCount < totalProducts) {
            $(".lv-load-more").css('display', 'block');
            $button.addClass('loading');

            $.ajax({
                url: getUrlWithFilters($('#ajax-load-more-url').val()),
                dataType: 'json',
                type: 'post',
                data: {offset: offsetCount},
                cache: false,
                success: function (data) {
                    var $offers = $(data.html);
                    $("#offers_container").find('.item:last-child').focus();
                    $("#offers_container").append($offers);
                    var offsetCount = $("#offers_container .offer-item").length;

                    if (totalProducts <= offsetCount) {
                        $(".lv-load-more").hide();
                        $button.attr('loading', '2');
                        showHiddenOffersAtBottom();
                    } else {
                        setTimeout(function () {
                            $button.removeAttr('loading');
                        }, 1000);
                    }

                    $button.removeClass('loading');

                    offers.prototype.initInfoBtn($(".offers .item .info"));
                    offers.prototype.initInfoBtn($(".offers .item .tag"));
                    addCircleToOffers();
                },
                error: function (data) {}
            });
        } else {
            console.log('load');
            setTimeout(function () {
                $button.removeAttr('loading');
            }, 500);

            showHiddenOffersAtBottom();
        }
    });
    $(".lv-load-more .lv-loader").keydown(function (e) {
        if (e.keyCode == 13) $(this).trigger('click');
    });

    $('.scroll-down-wrapper').on('click', function (e) {
        e.preventDefault();
        $('html, body').animate({scrollTop: $('.lv-content').offset().top - 80}, 500, 'linear');
    });

    $('#offers_container')
        .on('mouseenter', '.item .bottom_icons .tag', function (e) {
            let $item = $(this).closest('.item');

            setTimeout(function () {
                //$item.find('.infopop').css('right', 'auto');
                $item.find('.infopop .arrow_bottom').css('right', 'auto');
            }, 1);
        })
        .on('mouseenter', '.item .info_icon .tag', function (e) {
            let $item = $(this).closest('.item');

            setTimeout(function () {
                $item.find('.infopop').css('right', '6px');
                $item.find('.infopop .arrow_top').css('right', '7px');
            }, 1);
        });

    function ga() {} // TODO: REMOVE
</script>


<!-- module name="manoaciu" controller="dailyoffer" action="renderDailyOfferPopUp" -->


</main>
  <script type="text/javascript">
    $(document).ready(function(){
    
    	app_.addModule('header');
       	app_.addModule('offers' );
       	app_.modules['offers'].initFilters( 2 ); // 2 - pages
    
    });		
  </script>
  <link href="/css/front/footer.css?1753770672" rel="stylesheet" type="text/css">
<script src="/js/front/footer.js?1649245244" type="text/javascript" data-cookieconsent="ignore"></script>

<footer class="lv-footer" aria-label="Bottom Menu">
    <div class="footer-block">
        <div class="separator"></div>
        <div class="groups">
                                                                                                                <div class="group-column">

                                                                                                                    
                                
                                <div class="group">
                                    <a class="big" role="button" onclick="if (!window.__cfRLUnblockHandlers) return false; ga('send', 'event', { eventCategory: 'Apatinis Meniu', eventAction: 'Paspaudimas', eventLabel: 'Īsceļi'});">
                                        Īsceļi                                    </a>

                                                                            <div class="lv-footer-accordeon" style="display: none;">

                                                                                                                                            <a href="/davanukarte" onclick="if (!window.__cfRLUnblockHandlers) return false; ga('send', 'event', { eventCategory: 'Apatinis Meniu', eventAction: 'Paspaudimas', eventLabel: 'Dāvanu karte'});">
                                                    Dāvanu karte                                                </a>
                                                                                                                                            <a href="/uznemumukarte" onclick="if (!window.__cfRLUnblockHandlers) return false; ga('send', 'event', { eventCategory: 'Apatinis Meniu', eventAction: 'Paspaudimas', eventLabel: 'UZŅĒMUMU karte'});">
                                                    UZŅĒMUMU karte                                                </a>
                                                                                                                                            <a href="/pakalpojumi" onclick="if (!window.__cfRLUnblockHandlers) return false; ga('send', 'event', { eventCategory: 'Apatinis Meniu', eventAction: 'Paspaudimas', eventLabel: 'Pakalpojumi '});">
                                                    Pakalpojumi                                                 </a>
                                                                                                                                            <a href="https://vakances.maxima.lv/" onclick="if (!window.__cfRLUnblockHandlers) return false; ga('send', 'event', { eventCategory: 'Apatinis Meniu', eventAction: 'Paspaudimas', eventLabel: 'Vakances'});">
                                                    Vakances                                                </a>
                                                                                    </div>
                                                                    </div>
                            
                            
                                                                                                                                    </div>
                                                        <div class="group-column">

                                                                                                                    
                                
                                <div class="group">
                                    <a class="big" role="button" onclick="if (!window.__cfRLUnblockHandlers) return false; ga('send', 'event', { eventCategory: 'Apatinis Meniu', eventAction: 'Paspaudimas', eventLabel: 'Uzņēmums'});">
                                        Uzņēmums                                    </a>

                                                                            <div class="lv-footer-accordeon" style="display: none;">

                                                                                                                                            <a href="/par-mums" onclick="if (!window.__cfRLUnblockHandlers) return false; ga('send', 'event', { eventCategory: 'Apatinis Meniu', eventAction: 'Paspaudimas', eventLabel: 'Par mums'});">
                                                    Par mums                                                </a>
                                                                                                                                            <a href="/mediju-telpa" onclick="if (!window.__cfRLUnblockHandlers) return false; ga('send', 'event', { eventCategory: 'Apatinis Meniu', eventAction: 'Paspaudimas', eventLabel: 'Mediju telpa'});">
                                                    Mediju telpa                                                </a>
                                                                                                                                            <a href="/veikalu-kedes" onclick="if (!window.__cfRLUnblockHandlers) return false; ga('send', 'event', { eventCategory: 'Apatinis Meniu', eventAction: 'Paspaudimas', eventLabel: 'Veikalu karte'});">
                                                    Veikalu karte                                                </a>
                                                                                                                                            <a href="/privatuma-politika-2" onclick="if (!window.__cfRLUnblockHandlers) return false; ga('send', 'event', { eventCategory: 'Apatinis Meniu', eventAction: 'Paspaudimas', eventLabel: 'Privātuma politika'});">
                                                    Privātuma politika                                                </a>
                                                                                    </div>
                                                                    </div>
                            
                            
                                                                                                                                    </div>
                                                        <div class="group-column">

                                                                                                                    
                                
                                <div class="group">
                                    <a href="/paldies" class="big" role="button" onclick="if (!window.__cfRLUnblockHandlers) return false; ga('send', 'event', { eventCategory: 'Apatinis Meniu', eventAction: 'Paspaudimas', eventLabel: 'Piedāvājumi'});">
                                        Piedāvājumi                                    </a>

                                                                            <div class="lv-footer-accordeon" style="display: none;">

                                                                                                                                            <a href="/piedavajumi" onclick="if (!window.__cfRLUnblockHandlers) return false; ga('send', 'event', { eventCategory: 'Apatinis Meniu', eventAction: 'Paspaudimas', eventLabel: 'Īpašie piedāvājumi'});">
                                                    Īpašie piedāvājumi                                                </a>
                                                                                                                                            <a href="/paldies" onclick="if (!window.__cfRLUnblockHandlers) return false; ga('send', 'event', { eventCategory: 'Apatinis Meniu', eventAction: 'Paspaudimas', eventLabel: 'Piedāvājumi ar PALDIES karti'});">
                                                    Piedāvājumi ar PALDIES karti                                                </a>
                                                                                    </div>
                                                                    </div>
                            
                            
                                                                                                                                    </div>
                                                        <div class="group-column">

                                                    
                                                            <div class="group no-border">
                                    <div class="big" href="#">
                                        Kontakti
                                    </div>
                                    <div class="lv-footer-accordeon">
                                        <div class="lv-contacts">
                                            <div class="lv-contacts__label">
                                                Informatīvais tālrunis (8-22)
                                            </div>
                                            <a href="tel:8 000 2020" class="lv-contacts__phone">
                                                8 000 2020
                                            </a>
                                            <!--<a class="lv-contacts__email" href="mailto:info@maxima.lv">
                                                info@maxima.lv
                                            </a>

                                            <div class="lv-contacts__label btn-support js-feedback-popup new-line">
                                                Piekļūstāmības saziņas forma
                                            </div>-->

                                            <div class="lv-contacts__label btn-support js-support-popup new-line">
                                                Sazinies ar mums
                                            </div>

                                            <a href="/par-uznemumu#trauksmes-celsana" target="_blank" class="lv-contacts__link new-line">
                                                Trauksmes celšana
                                            </a>
                                        </div>
                                        <div class="lv-footer__socials">
                                            <div class="li-icon-links">
                                                <ul class="li-icon-links__list">
                                                    <li class="li-icon-links__item">
                                                        <a href="https://www.facebook.com/MaximaLV" target="_blank" class="li-icon-links__link" role="button" aria-label="facebook">
                                                            <div class="li-icon-links__icon li-icon-links__icon--facebook" aria-hidden="true"></div>
                                                        </a>
                                                    </li>
                                                    <li class="li-icon-links__item">
                                                        <a href="https://www.instagram.com/maxima.lv" target="_blank" class="li-icon-links__link" role="button" aria-label="instagram">
                                                            <div class="li-icon-links__icon li-icon-links__icon--instagram" aria-hidden="true"></div>
                                                        </a>
                                                    </li>
                                                    <li class="li-icon-links__item">
                                                        <a href="https://www.tiktok.com/@maxima.lv" target="_blank" class="li-icon-links__link" role="button" aria-label="tiktok">
                                                            <div class="li-icon-links__icon li-icon-links__icon--tiktok" aria-hidden="true"></div>
                                                        </a>
                                                    </li>
                                                    <li class="li-icon-links__item">
                                                        <a href="https://lv.linkedin.com/company/maxima-latvija" target="_blank" class="li-icon-links__link" role="button" aria-label="linkedin">
                                                            <div class="li-icon-links__icon li-icon-links__icon--linkedin" aria-hidden="true"></div>
                                                        </a>
                                                    </li>
                                                </ul>
                                            </div>

                                        </div>
                                    </div>
                                </div>
                            
                                                                                                                                    </div>
                                    </div>
    </div>
    <div class="footer-block2">
        <div class="lv-container">
            <div class="separator"></div>
            <div class="lv-row-md lv-footer__bottom">
                <div class="lv-col-md lv-footer__bottom-col lv-footer__bottom-col--left">
                    <div class="lv-apps">
                        <div class="lv-apps__label">
                            PALDIES kartes priekšrocības arī Tavā viedtālrunī! Lejupielādē lietotni:
                        </div>
                        <div class="lv-apps__links">
                            <div class="li-icon-links">
                                <ul class="li-icon-links__list">
                                    <li class="li-icon-links__item">
                                        <a href="https://apps.apple.com/lv/app/maxima-latvija/id1498219396" target="_blank" class="li-icon-links__link" role="button" aria-label="Apple Store" onclick="if (!window.__cfRLUnblockHandlers) return false; window.adf&amp;&amp;adf.ClickTrack(this,864951,'apple_store_button',{}); ga('send', 'event', { eventCategory: 'Footer', eventAction: 'Klikšķis', eventLabel: 'Lv Footer | Apple Store'});">
                                            <div class="li-icon-links__icon li-icon-links__icon--apple"></div>
                                        </a>
                                    </li>
                                    <li class="li-icon-links__item">
                                        <a href="https://play.google.com/store/apps/details?id=lv.maxima" target="_blank" class="li-icon-links__link" role="button" aria-label="Google play store" onclick="if (!window.__cfRLUnblockHandlers) return false; window.adf&amp;&amp;adf.ClickTrack(this,864951,'google_play_button',{}); ga('send', 'event', { eventCategory: 'Footer', eventAction: 'Klikšķis', eventLabel: 'Lv Footer | Google play'});">
                                            <div class="li-icon-links__icon li-icon-links__icon--android"></div>
                                        </a>
                                    </li>
                                    <li class="li-icon-links__item">
                                        <a href="https://appgallery.huawei.com/#/app/C102330091" target="_blank" class="li-icon-links__link" role="button" aria-label="Huawei Appgallery" onclick="if (!window.__cfRLUnblockHandlers) return false; window.adf&amp;&amp;adf.ClickTrack(this,864951,'huawei_store_button',{}); ga('send', 'event', { eventCategory: 'Footer', eventAction: 'Klikšķis', eventLabel: 'Lv Footer | Huawei Appgallery'});">
                                            <div class="li-icon-links__icon li-icon-links__icon--huawei"></div>
                                        </a>
                                    </li>
                                </ul>
                            </div>
                        </div>
                    </div>

                </div>
                <div class="lv-col-md lv-footer__bottom-col lv-footer__bottom-col--right">
                    <div class="lv-footer__copyright">
                        2026 © MAXIMA Latvija. Visas tiesības rezervētas
                    </div>
                </div>
            </div>
        </div>
    </div>
</footer>


<div id="feedback-popup-container" style="display: none">

    <div class="support-popup-block">
        <div class="wrapper">
            <div class="support-popup-content" data-url="/ajax/formcustom/formcustomrender/ajaxFeedbackForm">
                            </div>
        </div>
    </div>
</div>

<div id="support-popup-container" style="display: none">

    <div class="support-popup-block">
        <div class="wrapper">
            <div class="support-popup-content" data-url="/ajax/formcustom/formcustomrender/ajaxSupportForm">
                            </div>
        </div>
    </div>
</div>


<div class="custom-popup-sent support-popup-sent" style="display:none;">
    <div class="popup-send-block">
        <div class="icon-accept"></div>
        <p>Paldies, jūsu pieprasījums ir veiksmīgi nosūtīts</p>
    </div>
</div>

<div class="custom-popup-error support-popup-error" style="display:none;">
    <div class="popup-send-block">
        <div class="icon-error"></div>
        <p>Radās negaidīta kļūda!</p>
    </div>
</div>

<script type="text/javascript">
  var supportLibsLoaded = false;
  if (!document.getElementById('form_send')) {
      window.disableCustomFormInit = true;
  }

  function dynamicallyLoadLibs() {
	  console.log('dynamicallyLoadLibs');
      if (!supportLibsLoaded) {
          supportLibsLoaded = true;
          var head = document.getElementsByTagName('head')[0];
          var script = document.createElement('script');
          script.type = 'text/javascript';
          script.src = 'https://www.google.com/recaptcha/api.js?hl=lv'
          script.setAttribute('data-cookieconsent', 'necessary');
          head.appendChild(script);

          var scriptSelect2 = document.createElement('script');
          scriptSelect2.type = 'text/javascript';
          scriptSelect2.src = '/js/front/select2/select2.min.js';
          head.appendChild(scriptSelect2);

          var scriptForms = document.createElement('script');
          scriptForms.type = 'text/javascript';
          scriptForms.src = '/js/modules/formcustom/general-script.js?1770134635';
          head.appendChild(scriptForms);

          var scriptDatepicker = document.createElement('script');
          scriptDatepicker.type = 'text/javascript';
          scriptDatepicker.src = '/js/back/plugin/jquery-datetimepicker/jquery.datetimepicker.js?1441005419';
          head.appendChild(scriptDatepicker);

          var cssSelect2 = document.createElement("link");
          cssSelect2.rel = "stylesheet";
          cssSelect2.type = "text/css";
          cssSelect2.href = "/js/front/select2/select2.min.css";
          head.appendChild(cssSelect2);

          var cssSelect3 = document.createElement("link");
          cssSelect3.rel = "stylesheet";
          cssSelect3.type = "text/css";
          cssSelect3.href = "/css/modules/formcustom/general-style.css?1770211979";
          head.appendChild(cssSelect3);

          var cssSelect4 = document.createElement("link");
          cssSelect4.rel = "stylesheet";
          cssSelect4.type = "text/css";
          cssSelect4.href = "/css/back/jquery.datetimepicker.css";
          head.appendChild(cssSelect4);
      }
  }

  function showFeedbackPopup() {
    dynamicallyLoadLibs();

    let $contentBlock = $('#feedback-popup-container .support-popup-content');
    setTimeout(function() {
        $.ajax({
          url: $contentBlock.data('url'),
          type: 'get',
          cache: false,
          success: function (data) {
            $contentBlock.html(data);

            $.fancybox.open($('#feedback-popup-container'), {
              fitToView: true,
              maxWidth: '600',
              width: '600',
              autoSize: true,
              closeClick: false,
              openEffect: 'none',
              scrolling: 'hidden',
              closeBtn: true,
              padding: 0,
              tpl: {
                closeBtn: '<a class=\"fancybox-item fancybox-close\" href=\"javascript:;\"></a>'
              },
              afterShow: function () {
                $('.fancybox-opened .fancybox-skin').addClass('popup-support-form-fancybox');
                $('.fancybox-opened .fancybox-skin').css('height', 'auto');
                setTimeout(function () {
                  $('.fancybox-opened .fancybox-inner .select2').select2();
                  $('.fancybox-opened .fancybox-inner').css('height', 'auto');
                }, 100);

                setTimeout(function () {
                  window.loadCustomForm();
                  window.customFormAllowSubmit = false;
                  grecaptcha.render('send_button');
                  //loadGeneralForm();
                  //$('.fancybox-opened .fancybox-inner .select2').select2();
                }, 100);
              },
              beforeClose: function () {
                window.unbindCustomFormEl();
              },
              helpers: {
                overlay: {
                  closeClick: false,
                  css : { 'overflow' : 'scroll' },
                },
              }
            });

          },
          error: function (data) {}
        });
    }, 500);
  }

  function showSupportPopup() {
    dynamicallyLoadLibs();

    let $contentBlock = $('#support-popup-container .support-popup-content');
    setTimeout(function() {
        $.ajax({
          url: $contentBlock.data('url'),
          type: 'get',
          cache: false,
          success: function (data) {
            $contentBlock.html(data);

            $.fancybox.open($('#support-popup-container'), {
              fitToView: true,
              maxWidth: '600',
              width: '600',
              autoSize: true,
              closeClick: false,
              openEffect: 'none',
              scrolling: 'hidden',
              closeBtn: true,
              padding: 0,
              tpl: {
                closeBtn: '<a class=\"fancybox-item fancybox-close\" href=\"javascript:;\"></a>'
              },
              afterShow: function () {
                $('.fancybox-opened .fancybox-skin').addClass('popup-support-form-fancybox');
                $('.fancybox-opened .fancybox-skin').css('height', 'auto');
                setTimeout(function () {
                  $('.fancybox-opened .fancybox-inner .select2').select2();
                  $('.fancybox-opened .fancybox-inner').css('height', 'auto');
                }, 100);

                setTimeout(function () {
                  //$('#FCSupportForm_subtopic option').hide();
                  window.hideAllFormInputs();
                  window.loadCustomForm();
                  window.customFormAllowSubmit = false;
                  grecaptcha.render('send_button');

                  //loadGeneralForm();
                  //$('.fancybox-opened .fancybox-inner .select2').select2();
                }, 100);
              },
              afterClose: function () {
                window.unbindCustomFormEl();
              },
              helpers: {
                overlay: {
                  closeClick: false,
                  css : { 'overflow' : 'scroll' },
                },
              }
            });

          },
          error: function (data) {}
        });
    }, 500);

  }

  $(document).ready(function () {
    $('.js-feedback-popup').click(function () {
      //window.customFormErrorType = 'inline';
      if (window.formManualyLoaded) {
        window.location.href = '/#sazinies-ar-mums';
      } else {
        $('.support-popup-content').html('');
        showFeedbackPopup();
      }
    });

    $('.js-support-popup').click(function () {
      //window.customFormErrorType = 'inline';
      if (window.formManualyLoaded) {
        window.location.href = '/#sazinies-ar-mums';
      } else {
        $('.support-popup-content').html('');
        showSupportPopup();
      }
    });

    if (location.href.indexOf('#') > -1) {
      let urlParts = location.href.split('#');

      if (typeof urlParts[1] !== 'undefined' && urlParts[1].length > 0) {
        if (urlParts[1] == 'sazinies-ar-mums') {
          $('.support-popup-content').html('');
          showSupportPopup();
        }
      }
    }
  });
</script>

  
  <script type="text/javascript">
    
    $(document).ready(function(){
    	app_.addModule('stickies');
    });
  </script>
  <footer aria-label="Copyrights">
    <div class="wrapper cl">
        <style>
    @media (min-width: 1270px) and (max-width: 1300px) {
        footer .btn { margin-right: 16px; }
    }
    
    @media (min-width: 1240px) and (max-width: 1269px) {
        footer .btn { margin-right: 12px; }
    }
    
    @media (min-width: 1024px) and (max-width: 1239px) {
        footer .extra {
            margin-top: 90px;
            position: absolute;
            right: 30px;
        }
    }
    
    @media (min-width: 1024px) and (max-width: 1164px) {
        footer .extra {
            margin-top: 110px;
            position: absolute;
            right: 30px;
        }
    }
</style>
<div class="mob_nav cl">
		<a href="https://www.facebook.com/MaximaLV" class="btn grey fcb" target="_blank">Facebook
      <div class="icon"></div>
	</a>
	<a href="https://twitter.com/maximaveikals" class="btn grey twitter" target="_blank">Twitter
      <div class="icon"></div>
	</a>
	<a href="http://www.draugiem.lv/maxima/" class="btn grey draugiem" target="_blank">Draugiem.lv
	  <div class="icon"></div>
	</a>
	<a target="_blank" href="https://www.instagram.com/maxima.lv" class="btn grey" onclick="if (!window.__cfRLUnblockHandlers) return false; ">Instagram
      <div style="background-image: url('https://www.maxima.lv/images/front/logos/Instagram_icon2.png');" class="icon"></div>
</a>

	<a target="_blank" href="/mazuluklubs" class="btn grey" onclick="if (!window.__cfRLUnblockHandlers) return false; ">Mazuļu klubs
      <div style="background-image: url('https://www.maxima.lv/css/front/bbclub/img/head.svg');" class="icon"></div>
	</a>


	<a href="tel:80002020" class="btn red phone">Infoline
          <div class="icon"></div></a><a href="/par-uznemumu/par-mums" class="btn grey company">Par mums
          <div class="icon"></div></a><a href="/mediju-telpa" class="btn grey news">Mediju telpa
          <div class="icon"></div></a><a href="http://vakances.maxima.lv/" class="btn grey career">Vakances
          <div class="icon"></div></a><a href="/sadarbibas-partneriem" class="btn grey business">Nomājam telpas
          <div class="icon"></div></a>
      </div>
<div class="cl infoline_social">
        <div class="infoline">
          <div>Informatīvais tālrunis (8-22)</div>
          <div class="phone">8 000 2020</div>
          <div>info@maxima.lv</div>
        </div>
        <div class="social" style="margin-top: 15px;">
			<a href="mailto:info@maxima.lv" class="btn medium grey mail" onclick="if (!window.__cfRLUnblockHandlers) return false; ga('send', 'event', { eventCategory: 'Apatinė juosta', eventAction: 'Paspaudimas', eventLabel: 'Pašto įkona| Apatinė juosta'});">
				<div class="icon"></div>
			</a>
			<a target="_blank" href="https://www.facebook.com/MaximaLV" class="btn medium grey facebook" onclick="if (!window.__cfRLUnblockHandlers) return false; ga('send', 'event', { eventCategory: 'Apatinė juosta', eventAction: 'Paspaudimas', eventLabel: 'Facebook | Apatinė juosta'});">
				<div class="icon"></div>
			</a>
			<a target="_blank" href="https://twitter.com/maximaveikals" class="btn medium grey twitter" onclick="if (!window.__cfRLUnblockHandlers) return false; ">
				<div class="icon"></div>
			</a>
			<!--<a target="_blank" href="http://www.draugiem.lv/maxima/" class="btn medium grey draugiem" onclick="">
				<div class="icon"></div>
			</a>-->
			<a style="padding-left: 0px; padding-right: 0px; width: 34px; text-align: center;" target="_blank" href="https://www.instagram.com/maxima.lv" class="btn medium grey" onclick="if (!window.__cfRLUnblockHandlers) return false; ">
				<div style="background-image: url('https://www.maxima.lv/images/front/logos/Instagram_icon2.png'); padding: 0; float: none; display: inline-block; width: 22px; height: 22px; background-size: contain; margin-top: 5px;" class="icon"></div>
			</a>

            <a href="https://play.google.com/store/apps/details?id=lv.maxima" target="_blank" class="btn medium grey" style="padding: 0" onclick="if (!window.__cfRLUnblockHandlers) return false; window.adf&amp;&amp;adf.ClickTrack(this,864951,'google_play_button',{}); ga('send', 'event', { eventCategory: 'Footer', eventAction: 'Klikšķis', eventLabel: 'Lv Footer | Google play'});">
                <div style="background-image: url(/images/front/app/button-google-play.svg); background-size: cover; padding: 0; float: none; display: inline-block; width: 22px; width: 110px;" class="icon"></div>
            </a>

            <a href="https://apps.apple.com/lv/app/maxima-latvija/id1498219396" target="_blank" class="btn medium grey" style="padding: 0" onclick="if (!window.__cfRLUnblockHandlers) return false; window.adf&amp;&amp;adf.ClickTrack(this,864951,'apple_store_button',{}); ga('send', 'event', { eventCategory: 'Footer', eventAction: 'Klikšķis', eventLabel: 'Lv Footer | Apple Store'});">
                <div style="background-image: url(/images/front/app/button-app-store.svg); background-size: cover; padding: 0; float: none; display: inline-block; width: 22px; width: 110px;" class="icon"></div>
            </a>
            
            <a href="https://appgallery.huawei.com/#/app/C102330091" target="_blank" class="btn medium grey" style="padding: 0" onclick="if (!window.__cfRLUnblockHandlers) return false; window.adf&amp;&amp;adf.ClickTrack(this,864951,'apple_store_button',{}); ga('send', 'event', { eventCategory: 'Footer', eventAction: 'Klikšķis', eventLabel: 'Lv Footer | Huawei Appgallery'});">
                <div style="background-image: url(/images/front/app/button-huawei.png?v6); background-size: cover; padding: 0; float: none; display: inline-block; width: 22px; width: 110px;" class="icon"></div>
            </a>
		</div>
      </div>
      <div class="extra">
        <div class="cl" style="margin-top:-25px;">
          <div class="links cl" style="visibility: hidden;"><a href="/" class="btn xsmall">LT</a><a href="https://www.maxima.lv/" target="_blank" class="btn transp xsmall">LV</a><a href="http://www.maxima.ee/" target="_blank" class="btn transp xsmall">EE</a><a href="http://www.maximabulgaria.bg/" target="_blank" class="btn transp xsmall">BG</a><a href="http://www.aldik.pl/" target="_blank" class="btn transp xsmall">PL</a></div>
        </div>
        <div class="copy">© MAXIMA Latvija. Visas tiesības rezervētas</div>
      </div>

    </div>
    <script type="text/javascript">$('input, textarea').placeholder();</script>
  </footer>





<!-- Google Tag Manager (noscript) -->
<noscript><iframe src="https://www.googletagmanager.com/ns.html?id=GTM-TD3Z6SM"
height="0" width="0" style="display:none;visibility:hidden"></iframe></noscript>
<!-- End Google Tag Manager (noscript) -->

<script type="text/plain" data-cookieconsent="statistics">
  (function(i,s,o,g,r,a,m){i['GoogleAnalyticsObject']=r;i[r]=i[r]||function(){
  (i[r].q=i[r].q||[]).push(arguments)},i[r].l=1*new Date();a=s.createElement(o),
  m=s.getElementsByTagName(o)[0];a.async=1;a.src=g;m.parentNode.insertBefore(a,m)
  })(window,document,'script','//www.google-analytics.com/analytics.js','gasend');

  gasend('create', 'UA-140664913-1', 'auto');
</script>
<script type="text/plain" data-cookieconsent="statistics" async="" src="https://www.googletagmanager.com/gtag/js?id=UA-140664913-1"></script>

<script type="text/plain" data-cookieconsent="statistics">
window.dataLayer = window.dataLayer || [];
  
var decodedCookie = decodeURIComponent(document.cookie);
var cookieParts = decodedCookie.split(';');
for (var i = 0; i < cookieParts.length; i++) {
	var c = cookieParts[i];
	while (c.charAt(0) == ' ') { c = c.substring(1); }
	if (c.indexOf("maxima_cookie_agreement=") == 0) {
		if (typeof dataLayer !== "undefined") {
			dataLayer.push({'event': 'consent_given'}); // GTM consent push
		}
		break;
	}
}

function ga(){
  let event = 'event';
  let eventAction = '';
  let eventCategory = '';
  let eventLabel = '';

  $.each(arguments, function (i, item) { 
    switch (i) { 
	  case 1:
	    event = item; 
		break;
	  case 2:
	    if (typeof item.eventCategory !== 'undefined') {
	      eventCategory = item.eventCategory;
		  eventAction = item.eventAction;
		  eventLabel = item.eventLabel;
        }		
		break;
	}
  });
  
  if (eventAction.length > 0) {
    console.log('gtag("' + event +'", "'+ eventAction  +'", {event_category:"'+ eventCategory + '", event_label:"' + eventLabel + '", value:"' + eventLabel + '"})');
  
    gtag(event, eventAction, {
      'event_category': eventCategory,
      'event_label': eventLabel,
      'value': eventLabel
    });
  } else {
    gasend(arguments);
  }
}

  
function gtag(){dataLayer.push(arguments);}
gtag('js', new Date());

gtag('config', 'UA-140664913-1');

gtag('consent', 'default', {
	'ad_storage': 'denied',
	'ad_user_data': 'denied',
	'ad_personalization': 'denied',
	'analytics_storage': 'denied'
});

console.log("gtag('consent', 'default', {\n"+
"    'ad_storage': 'denied',\n"+
"    'ad_user_data': 'denied',\n"+
"    'ad_personalization': 'denied',\n"+
"    'analytics_storage': 'denied'\n"+
"});");

function consentGrantedAdStorage() {
    var cookies = decodeURIComponent(document.cookie);
    var cookieParts = cookies.split(';');

    for (var i = 0; i < cookieParts.length; i++) {
	var c = cookieParts[i];
	while (c.charAt(0) == ' ') { c = c.substring(1); }
	if (c.indexOf("CookieConsent=") == 0) {
		if (c.indexOf('necessary:true') > -1 && c.indexOf('marketing:true') > -1) {
			/*var date = new Date();
			date.setTime(date.getTime() + (10*24*60*60*1000));
			document.cookie = "analytics_storage=granted; expires=" + date.toUTCString() + "; path=/";
			document.cookie = "ad_storage=granted; expires=" + date.toUTCString() + "; path=/";
			document.cookie = "ad_user_data=granted; expires=" + date.toUTCString() + "; path=/";
			document.cookie = "ad_personalization=granted; expires=" + date.toUTCString() + "; path=/";*/
			gtag('consent', 'update', {
				'ad_storage': 'granted',
				'ad_user_data': 'granted',
				'ad_personalization': 'granted',
				'analytics_storage': 'granted'
			});
			console.log("gtag('consent', 'update', {\n"+
				"    'ad_storage': 'granted',\n"+
				"    'ad_user_data': 'granted',\n"+
				"    'ad_personalization': 'granted',\n"+
				"    'analytics_storage': 'granted'\n"+
			"});");
		}
		break;
	}
    }
}

consentGrantedAdStorage();
</script>

<!-- Hotjar Tracking Code for my site -->
<script type="text/plain" data-cookieconsent="statistics">
    (function(h,o,t,j,a,r){
        h.hj=h.hj||function(){(h.hj.q=h.hj.q||[]).push(arguments)};
        h._hjSettings={hjid:3230723,hjsv:6};
        a=o.getElementsByTagName('head')[0];
        r=o.createElement('script');r.async=1;
        r.src=t+h._hjSettings.hjid+j+h._hjSettings.hjsv;
        a.appendChild(r);
    })(window,document,'https://static.hotjar.com/c/hotjar-','.js?sv=');
</script>





<script>(function(){function c(){var b=a.contentDocument||a.contentWindow.document;if(b){var d=b.createElement('script');d.innerHTML="window.__CF$cv$params={r:'9ccbb92a2accf582',t:'MTc3MDg5NTUwNA=='};var a=document.createElement('script');a.src='/cdn-cgi/challenge-platform/scripts/jsd/main.js';document.getElementsByTagName('head')[0].appendChild(a);";b.getElementsByTagName('head')[0].appendChild(d)}}if(document.body){var a=document.createElement('iframe');a.height=1;a.width=1;a.style.position='absolute';a.style.top=0;a.style.left=0;a.style.border='none';a.style.visibility='hidden';document.body.appendChild(a);if('loading'!==document.readyState)c();else if(window.addEventListener)document.addEventListener('DOMContentLoaded',c);else{var e=document.onreadystatechange||function(){};document.onreadystatechange=function(b){e(b);'loading'!==document.readyState&&(document.onreadystatechange=e,c())}}}})();</script><iframe height="1" width="1" style="position: absolute; top: 0px; left: 0px; border: none; visibility: hidden;"></iframe><script defer="" src="https://static.cloudflareinsights.com/beacon.min.js/vcd15cbe7772f49c399c6a5babf22c1241717689176015" integrity="sha512-ZpsOmlRQV6y907TI0dKBHq9Md29nnaEIPlkf84rnaERnq6zvWvPUqr2ft8M1aS28oN72PdrCzSjY4U6VaAw1EQ==" data-cf-beacon="{&quot;version&quot;:&quot;2024.11.0&quot;,&quot;token&quot;:&quot;81fdb3dc06584fb0834b419902ac7699&quot;,&quot;server_timing&quot;:{&quot;name&quot;:{&quot;cfCacheStatus&quot;:true,&quot;cfEdge&quot;:true,&quot;cfExtPri&quot;:true,&quot;cfL4&quot;:true,&quot;cfOrigin&quot;:true,&quot;cfSpeedBrain&quot;:true},&quot;location_startswith&quot;:null}}" crossorigin="anonymous"></script>
<iframe name="__uspapiLocator" tabindex="-1" role="presentation" aria-hidden="true" title="Blank" style="display: none; position: absolute; width: 1px; height: 1px; top: -9999px;"></iframe><iframe tabindex="-1" role="presentation" aria-hidden="true" title="Blank" src="https://consentcdn.cookiebot.com/sdk/bc-v4.min.html" style="position: absolute; width: 1px; height: 1px; top: -9999px;"></iframe><img id="CookiebotSessionPixel" src="https://imgsct.cookiebot.com/1.gif?dgi=05d2406b-50ec-4387-8304-28bfeca5c82c" alt="Cookiebot session tracker icon loaded" data-cookieconsent="ignore" style="display: none;"><a href="javascript: Cookiebot.renew()" class="cookieRenew" role="button" aria-label="Cookie settings"></a></body></html>